3084 5124
720 405 890 504 σε’

64 675 66 678 -
185 626 334 712 Hesychii
359 627 467 710 glossa
493 627 661 712 ταναιῖφῆε
693 627 878 713 tanscamp,
913 629 946 692 in
967 629 1117 714 ταναϋιρῆ
1145 632 1290 709 mutavit,

184 736 280 812 atque
311 729 372 796 hec
399 728 523 795 videtur
552 729 649 796 etiam
677 729 849 796 scholiasta
877 730 1004 813 legisse,
1039 731 1095 812 qui
1121 730 1291 818 adscripsit

184 829 429 915 explicationem
452 824 630 918 ἰσχνοοργῆ.
676 831 764 897 Duas
787 835 890 897 autem
915 831 1066 898 lectiones
1089 833 1176 898 novit
1198 834 1289 902 scho-

63 995 65 1000 ,
185 936 280 1001 liesta
301 932 343 1000 ad
364 933 477 1000 Trach.
499 955 528 997 v,
554 934 650 1011 1275,
687 934 742 1015 qui
770 939 938 1016 postquam
960 933 1077 998 codicis
1100 935 1289 1017 scripturam

185 1029 245 1100 ἄντ’
267 1028 365 1100 οῖιιων
387 1035 571 1118 explicavit,
594 1035 713 1119 pergit:
735 1033 822 1112 τινὲς
844 1033 880 1102 δὲ
902 1031 1081 1122 γράφουσιν
1104 1029 1158 1100 ἐντ’
1180 1030 1289 1104 οἴκων·

184 1133 334 1204 τούτεστι
355 1134 456 1224 μηδὲν
477 1132 570 1219 ὑμεῖς
592 1131 833 1224 περιλείπεσθε
855 1133 1014 1217 ἐνταῦθα,
1042 1131 1128 1204 α’λλὰ
1150 1132 1289 1208 α’κολοοψ

185 1235 323 1326 θήσατο,
353 1260 435 1322 quae
456 1240 551 1306 lectio
573 1263 658 1306 nuno
679 1239 721 1304 ab
744 1239 899 1318 omnibus,
927 1241 961 1306 ni
983 1240 1089 1320 fallor,
1115 1241 1290 1312 editoribus

183 1348 312 1425 meopte
334 1349 390 1408 est.

269 1444 416 1510 Servavit·
433 1445 529 1512 etiam
550 1464 657 1510 veram
686 1444 853 1512 lectionem
877 1445 1051 1514 scholiasta
1076 1446 1109 1514 in
1131 1449 1290 1514 annotati·

183 1570 245 1614 one
265 1547 307 1614 ad
329 1547 410 1612 Phil.
434 1569 461 1611 v.
485 1545 549 1611 954
571 1537 752 1629 αιῖανοῦμαι
774 1543 848 1614 ἀντὶ
869 1549 928 1612 τοῦ
953 1541 1210 1635 ξηρανθήσομαι,
1239 1550 1290 1616 cui

185 1656 296 1734 postea
322 1650 435 1734 siglam
462 1649 666 1731 praescripsit
694 1651 897 1732 epitomator‚
925 1655 1094 1733 postquam
1119 1651 1153 1718 in
1174 1650 1289 1720 codici·

185 1753 244 1820 bus
267 1753 345 1820 haee
368 1753 461 1818 lectio
483 1751 517 1816 in
537 1741 579 1830 αὖ
602 1754 770 1834 θανοῖμαι
792 1759 942 1835 corrupte
963 1759 1023 1831 est,
1055 1774 1152 1835 quam
1174 1753 1289 1822 falsam

184 1855 376 1938 scripturam
397 1854 488 1922 nobis
509 1854 543 1918 in
565 1853 660 1920 haur.
684 1860 851 1932 servatam,
874 1854 999 1920 disertis
1021 1854 1125 1920 verbis
1147 1856 1291 1937 agnoscit

183 1957 298 2039 Suidas
321 1979 345 2020 s.
368 1978 396 2021 r.
419 1949 599 2042 ὀρειβάτης.
644 1956 722 2033 Sed,
743 1956 777 2020 ni
799 1955 905 2035 fallor,
937 1955 1110 2022 scholiasta
1132 1957 1290 2040 cognitum

184 2059 297 2126 habuit
323 2058 437 2124 falsam
460 2079 585 2140 quoque
611 2058 778 2124 lectionem
805 2058 936 2122 Phila
963 2058 1060 2136 1199,
1098 2078 1179 2139 quea
1205 2079 1289 2124 nuuc

155 2163 218 2244 ¹,in
244 2161 338 2228 Leur.
364 2166 414 2226 est
440 2163 594 2246 βρονταῖς
619 2152 745 2240 αὐτοῖς.
790 2159 827 2224 ln
854 2159 975 2226 scholio
1001 2161 1085 2228 enim
1113 2160 1291 2243 explicatur

184 2263 277 2330 lectio
300 2284 385 2330 nunc
405 2263 447 2328 ab
470 2263 615 2328 omnibus
646 2268 774 2346 recepte
794 2266 934 2346 βροντᾶς
955 2257 1071 2348 αὐγαῖς
1091 2261 1196 2328 verbis
1217 2265 1291 2339 ταῖς

184 2367 328 2452 βροντῶν
351 2357 473 2449 αὐγαῖς,
497 2366 572 2442 ταῖς
593 2359 795 2450 asperrima,-
822 2368 962 2450 βροντᾶς
982 2371 1099 2444 autem,
1122 2385 1233 2447 neque,
1254 2368 1291 2430 ut

185 2467 286 2534 conici
306 2467 406 2550 possit
426 2471 594 2554 βροντῶν,
634 2467 746 2550 legisse
776 2467 991 2547 scholiastem‚
1014 2472 1148 2552 apparet
1168 2487 1207 2532 ex
1228 2466 1290 2532 hso
1310 2519 1319 2538 .

184 2571 250 2638 cius
273 2570 499 2637 annotatione:
537 2565 609 2636 ihre
631 2567 744 2652 μέντοι
766 2568 879 2652 λαβεῖν
899 2564 955 2634 καὶ
976 2571 1114 2655 βροντᾶς
1134 2560 1210 2636 cirri
1231 2572 1290 2633 τοῦ

183 2667 364 2758 βροντήσας
385 2671 454 2738 κτα
487 2672 525 2738 In
547 2671 705 2755 prioribus
727 2677 834 2738 autem
855 2671 1030 2754 respexisse
1051 2670 1176 2738 videtur
1196 2670 1289 2738 scho-

181 2775 277 2840 liasta
297 2775 433 2840 alteram
448 2774 615 2840 lectionem
629 2767 922 2859 βρονταῖςαύταῖς,
939 2774 1055 2850 dicens,
1072 2772 1128 2855 (ad
1144 2771 1288 2852 ullas.)

184 2880 280 2942 τοῦτο
303 2871 467 2960 γίγνωσκε,
505 2871 557 2941 ὅτι
587 2868 646 2940 οὐκ
672 2870 805 2959 ἔρχομαι
827 2868 894 2940 οὔτ’
916 2870 946 2939 εἰ
966 2870 1065 2952 αὐτὸς
1085 2870 1104 2938 ὁ
1127 2869 1208 2952 Ζεὺς
1228 2897 1288 2955 με-

186 2976 301 3046 τέλθοι
322 3002 364 3060 με
385 2981 460 3056 ταῖς
481 2981 649 3064 βρονταῖς,
691 2998 793 3060 neque
822 2979 1033 3044 necessarium
1063 2976 1187 3046 videtur
1217 2997 1289 3044 oum

184 3081 311 3148 Wolffio
326 3082 433 3160 staturi,
456 3103 529 3147 eum
552 3082 607 3164 qui
628 3081 707 3148 baec
729 3081 899 3164 scripserit,
921 3081 1034 3164 legisse
1054 3081 1207 3164 βρονταῖς
1228 3071 1288 3142 αι’,

183 3179 257 3263 τός,
295 3184 399 3267 potuit
419 3184 521 3262 enim,
557 3205 629 3250 eum
659 3183 739 3248 nihil
766 3183 827 3248 nisi
858 3205 984 3250 sensum
1012 3181 1110 3248 tetius
1133 3179 1289 3248 enuntiati

185 3292 351 3370 spectaret,
388 3285 505 3367 optime
526 3287 678 3371 βρονταῖς
701 3277 817 3361 αὐτοῖς
838 3285 899 3362 ita,
935 3283 1084 3361 erfecit,
1121 3282 1287 3365 explicere.

184 3387 299 3471 Aperte
320 3388 455 3470 denique
482 3387 616 3469 antiqua
642 3392 691 3452 ast
711 3387 805 3452 lectio
827 3379 947 3462 α’δίκιος
968 3384 1017 3448 El.
1040 3407 1068 3449 s.
1094 3384 1171 3463 102,
1207 3404 1289 3465 quae

182 3491 305 3572 expulit
315 3491 477 3556 meliorem
491 3490 680 3572 scripturam
690 3483 800 3568 αἰκῶς,
819 3509 914 3572 quam
925 3486 1060 3554 servavit
1070 3485 1243 3552 scholiasta
1252 3487 1288 3562 ¹),

180 3586 217 3658 ἔν
244 3611 333 3657 τισιν
361 3593 468 3656 κεῖται
490 3586 563 3656 ἀντὶ
592 3595 650 3656 τοῦ
681 3583 803 3668 selme
824 3581 955 3668 οῖεικῶς,
986 3587 1041 3654 sed
1070 3587 1162 3656 metri
1192 3608 1289 3654 eausa

181 3687 285 3770 αἰκῶς
306 3693 506 3760 scribendum
527 3698 583 3758 est.

268 3795 326 3860 His
358 3795 455 3879 igitur
483 3795 635 3862 tredecim
667 3795 745 3862 locis
776 3793 905 3859 scholiis
933 3791 1111 3858 emendatio
1145 3788 1286 3856 debetur.

183 3896 246 3964 Sed
267 3897 355 3980 prius
377 3918 472 3980 quam
494 3898 555 3963 hcc
578 3903 675 3981 ceput
689 3897 730 3964 de
744 3897 840 3962 variis
861 3894 1047 3962 lectionibus
1070 3891 1151 3976 sigla
1165 3911 1212 3976 γρ.
1230 3911 1287 3956 no·

183 3999 259 4066 tetis
279 3999 492 4077 absolvamus,
514 4021 641 4068 neeesse
662 4005 721 4078 est,
751 4019 956 4080 quaeremus,
991 3992 1127 4076 quidde
1150 3991 1288 4062 scholia·
1362 4045 1367 4054 .

180 4106 304 4168 starum
324 4102 515 4168 coniecturis
542 4101 710 4170 dicendum
740 4102 790 4170 sit.
834 4100 867 4168 Si
894 4099 1073 4166 universum
1094 4095 1286 4164 scholiorum

255 4320 273 4390 ¹)
293 4319 328 4377 σῖ.
346 4317 483 4376 Dindonfii
501 4319 592 4376 Schol.
611 4320 655 4376 sd.
672 4320 709 4376 Π.
729 4338 755 4389 p.
771 4320 831 4376 118,
