3084 5124
708 469 751 535 49

181 651 313 740 νηπίωι,
329 655 384 722 sed
399 652 523 744 νηπίοις
538 659 723 741 explicatur,
742 660 857 724 cumin
873 661 1017 741 sequenti
1033 660 1153 727 scholio
1167 662 1279 728 verba:

181 750 226 832 ὡς
247 747 285 820 dr
307 750 433 844 ἀνοήτῳ
455 757 682 844 διαλεγόμενον
703 761 888 840 lectionem,
924 783 1017 844 quam
1043 785 1140 846 supra
1162 763 1281 848 signifi·

180 860 264 924 cavi:
299 855 343 938 ὡς
365 857 472 948 νηπίῳ
505 862 563 928 sibi
585 863 759 942 vindicent3
791 869 957 945 utramque
980 871 1086 929 autem
1115 865 1280 930 lectionem

178 961 319 1044 ineptam
340 984 408 1028 esse
429 969 525 1048 patet.
569 963 631 1030 Sed
653 965 781 1030 fuerunt
802 986 943 1048 quoque,
976 967 1031 1048 qui
1051 968 1085 1031 in
1107 967 1157 1031 his
1178 966 1282 1033 uerbis
1379 1035 1380 1043 ,

180 1062 384 1145 offenderent,
407 1067 492 1149 quod
514 1067 578 1132 alia
601 1068 739 1132 ostendit
759 1070 934 1147 annotatio,
956 1069 995 1132 de
1017 1090 1080 1150 qua
1101 1075 1211 1152 postea
1233 1068 1281 1133 di-

179 1166 314 1232 cendum
328 1174 385 1246 est,
400 1191 507 1234 varam
522 1176 627 1234 autem
643 1171 833 1251 scripturam
846 1171 881 1234 in
896 1171 1003 1234 codice
1017 1171 1108 1235 nobis
1123 1175 1280 1235 servatam

179 1267 369 1334 scholiastae
391 1272 549 1354 cognitam
572 1292 636 1335 nou
658 1271 847 1336 habuerunt.
892 1272 1010 1335 Eodem
1039 1272 1133 1337 modo
1160 1271 1281 1338 scholia

178 1369 293 1434 falsam
313 1375 439 1437 tantum
461 1373 628 1438 lectionem
651 1375 823 1450 continent,
845 1372 900 1437 ubi
920 1373 1011 1437 nobis
1031 1394 1106 1438 vera
1126 1374 1160 1436 in
1174 1375 1281 1438 codice

179 1478 303 1536 servata
324 1479 372 1538 est
395 1473 430 1538 Ο.
446 1474 479 1538 C.
501 1497 529 1538 v.
548 1475 640 1552 1220,
662 1495 736 1538 nam
758 1474 947 1538 scholiastae
961 1475 1120 1556 legerunt:
1142 1470 1202 1540 ἐπι
1223 1471 1281 1539 ad·
1352 1483 1355 1492 ⁴

179 1595 242 1658 ρος,
268 1573 361 1638 Laur.
378 1574 475 1641 habet
489 1571 679 1661 ἐπίκουρος,·
700 1576 748 1639 Ai.
771 1599 799 1640 v.
817 1575 899 1640 1056
915 1576 1101 1642 scholiasta:
1124 1573 1280 1663 ἐλοιδόρει

180 1674 295 1740 codex:
318 1671 386 1741 ἕλοι
410 1673 491 1764 δορί,
515 1679 554 1744 de
576 1677 690 1759 quibus
712 1678 790 1741 locis
812 1679 875 1742 iam
897 1683 993 1742 antea
1014 1677 1133 1744 dictum
1155 1684 1211 1743 est.

264 1776 325 1842 Sed
353 1780 453 1844 multo
482 1781 607 1864 saepius
635 1786 667 1844 et
688 1779 770 1843 falsa
800 1785 833 1844 et
858 1801 934 1844 vera
962 1780 1120 1863 scriptura
1148 1801 1167 1844 a
1189 1780 1281 1845 scho-

179 1876 273 1943 liasta
294 1888 419 1946 servata
441 1889 489 1947 est
511 1889 607 1964 atquc
628 1882 690 1960 ita,
723 1887 758 1946 ut
787 1886 842 1946 aut
871 1882 973 1946 altera
995 1883 1205 1964 explicatione
1227 1904 1280 1947 co-

179 1988 358 2067 gnoscatur,
380 1984 482 2048 altera
504 2005 576 2048 cum
597 2007 644 2068 γρ.
668 1982 828 2061 afferatur,
860 1990 917 2048 aut
938 1989 1073 2066 utraque
1094 1985 1188 2050 lectio
1209 2006 1281 2048 cum

178 2108 225 2171 γρ.
250 2087 368 2168 scripta
392 2091 502 2150 exstet.
548 2086 598 2150 lta
620 2088 653 2149 in
676 2086 796 2150 scholio
818 2087 860 2151 ad
882 2085 917 2150 Ο.
940 2086 973 2150 0.
996 2109 1024 2151 v.
1044 2086 1091 2152 15.
1122 2086 1233 2152 verba:
1262 2081 1281 2148 ὅ

179 2185 269 2252 ἐστιν
291 2182 340 2266 ὥς.
355 2187 468 2273 τυφλῷ
490 2193 627 2274 σημῆναι
653 2184 769 2274 πρόσω
790 2182 874 2252 οἷσίν
900 2190 1060 2270 pertinent
1091 2189 1133 2252 ad
1161 2189 1281 2252 variam

178 2290 343 2356 lectionem
366 2282 411 2366 ὥς
432 2283 626 2376 οἰνομμάτῳ,
663 2310 744 2372 quae
771 2311 843 2354 oum
872 2290 952 2372 sigla
978 2313 1025 2376 γρ.
1057 2291 1130 2356 huic
1160 2290 1281 2354 scholio

178 2394 358 2476 praecripta
379 2398 436 2471 est,
458 2392 582 2474 reliqua
604 2397 720 2470 autem,
742 2413 822 2474 quae
843 2392 877 2456 in
898 2391 1007 2456 eodem
1030 2392 1149 2457 scholio
1172 2392 1281 2473 legun-

178 2501 247 2572 tur,
281 2500 427 2577 spectant
458 2495 500 2560 ad
530 2479 719 2578 scripturam
747 2515 871 2572 ueram,
900 2514 981 2575 quae
1003 2495 1098 2559 etiam
1118 2495 1152 2558 in
1174 2493 1281 2559 codice

92 2579 106 2590 ’
179 2602 284 2662 exstat
306 2592 351 2674 ὡς
371 2589 431 2660 ἐπ’
452 2590 618 2679 ὀμμάτων.
662 2597 701 2662 In
722 2596 844 2662 scholio
866 2596 908 2662 ad
931 2602 1004 2662 Ant.
1026 2619 1054 2662 v.
1068 2597 1140 2660 970.
1163 2597 1281 2679 optime

178 2700 356 2782 explicatur
383 2720 457 2770 uera
484 2700 642 2781 scriptura
669 2693 709 2762 ἵν’
738 2693 934 2782 ἀγχίπτολις
952 2693 1067 2785 ’Άρηςι
1103 2699 1159 2763 sed
1188 2699 1281 2762 simul

179 2822 199 2864 a
221 2801 393 2866 scholiasta
416 2800 480 2864 alia
501 2800 632 2866 affertur
653 2801 771 2865 nullius
793 2802 944 2865 momenti
966 2802 1140 2882 scriptura:
1162 2796 1214 2864 ὅν·
1243 2795 1281 2863 ὅ·

180 2922 233 2966 σοι
256 2901 293 2966 δὲ
314 2924 361 2987 γρ.
384 2891 534 2989 ἐν’Ἀρης
555 2899 709 2988 περιττὸν
731 2897 935 2985 λαμβάνουσι
963 2898 1001 2966 τὸ
1022 2894 1141 2984 ὄνομα,
1180 2909 1211 2966 et
1239 2900 1282 2965 ad

179 3003 251 3068 Ant.
268 3028 295 3070 v.
315 3004 405 3069 1158.
428 3011 555 3088 praeter
571 3005 693 3088 glossas
708 3001 839 3084 πίπτει,
862 2999 1068 3085 καταβάλλει,
1091 3025 1170 3086 quas
1183 3005 1281 3068 inter-

93 3154 96 3160 .
178 3113 283 3189 protes
304 3106 346 3172 ad
368 3106 565 3193 κατατρέπει
587 3109 744 3190 pertinere
759 3106 907 3172 arbitrati
930 3111 1012 3185 sunt,
1035 3106 1150 3188 legitur
1172 3128 1219 3191 γρ.
1244 3104 1280 3168 δὲ

178 3206 390 3294 καταρρέπει,
425 3199 443 3271 ὃ
467 3205 557 3274 ἐστιν
579 3206 719 3274 πίπτειν
742 3212 848 3287 ποιεῖ,
881 3229 962 3289 quae
991 3208 1084 3273 lectio
1105 3207 1281 3273 rectissima

179 3317 236 3386 est,
258 3310 314 3374 sed
334 3311 397 3372 iam
418 3311 452 3373 iu
482 3311 589 3374 codice
617 3315 732 3374 exstat.
783 3309 896 3372 Veram
925 3329 1021 3391 porro
1043 3309 1211 3374 lectionem
1232 3309 1281 3372 in-

178 3417 370 3494 terpretatur
392 3411 565 3476 scholiasta
585 3412 627 3476 ad
648 3411 759 3475 Trach.
784 3433 812 3472 v.
830 3409 891 3472 791
915 3410 980 3492 (ap.
1003 3409 1114 3474 Elmsl.
1131 3411 1207 3494 793)
1231 3407 1280 3474 ἐν·

179 3508 391 3596 ὄατούμενος,
427 3514 481 3578 sed
502 3515 624 3596 pergit:
655 3509 736 3576 ἐνιοι
764 3509 800 3576 δέ
822 3533 868 3596 γρ.
892 3506 1148 3593 ἐμματούμινος,
1183 3531 1279 3594 quam

178 3616 346 3680 lectionem
361 3637 400 3679 ex
414 3622 524 3697 aperto
540 3615 698 3680 scribendi
713 3634 819 3679 errore
835 3619 937 3677 ortam
951 3633 1009 3695 pro
1024 3633 1082 3676 sua
1096 3618 1212 3678 natura
1226 3633 1280 3677 ex-

178 3719 322 3800 plicavit:
345 3710 418 3782 οἷντί
432 3722 491 3781 τοῦ
505 3713 706 3799 μασώμενος.
750 3716 799 3780 Ex
814 3715 909 3780 simili
924 3714 1082 3780 scribendi
1097 3715 1183 3793 vitio,
1205 3735 1279 3792 non,

178 3827 214 3884 ut
234 3818 417 3884 Dindorfius
438 3826 540 3902 putat,
563 3819 776 3884 cconiectura
797 3824 868 3884 orta
891 3824 938 3882 est
960 3818 1048 3881 varia
1069 3816 1163 3881 lectio
1185 3817 1228 3882 ad
1250 3840 1277 3882 v.

180 3923 263 3987 1035
286 3921 410 4005 (Elmsl.
434 3923 531 4008 1037)
553 3944 600 4008 γρ.
624 3917 782 4008 ἐχόλησεν,
806 3942 881 3985 nam
904 3922 1025 4002 optime
1042 3919 1120 3983 hacc
1141 3940 1180 3983 cx
1202 3941 1277 3984 vera

177 4027 336 4108 scriptura
357 4019 515 4104 ἐχόλωσεν
533 4027 577 4110 ¹),
610 4025 652 4090 ad
681 4045 776 4105 quam
798 4024 905 4106 glossa
927 4016 1111 4086 ἐπίστασιν
1131 4021 1278 4104 pertinet,

248 4252 269 4319 ¹)
304 4249 444 4319 Spengelii
461 4249 637 4304 coniectura:
656 4243 791 4301 ἐδόλωσεν
809 4261 916 4302 summo
933 4244 992 4301 iure
1011 4241 1132 4299 refutata
1149 4245 1192 4297 ert
1209 4259 1226 4296 a
1243 4243 1275 4297 R.

178 4338 295 4406 Erigor-o.
315 4339 350 4392 ol.
370 4337 467 4391 Philol.
488 4337 546 4391 XV.
566 4354 592 4404 p.
608 4337 666 4388 122.

1032 4439 1047 4488 4
