3084 5124
690 458 729 520 31

158 667 225 710 esse
247 649 382 710 constat.
428 645 590 710 Nonnulla
611 645 694 708 enim
716 644 822 723 verba,
846 665 926 726 quae
949 666 1081 730 01111γρ.
1100 646 1261 729 adscripta

157 755 241 826 sunt,
264 769 366 829 neque
388 747 591 812 librariorum
613 768 719 810 errore
741 769 779 812 cx
794 747 923 830 vulgata
939 749 1096 830 scriptura
1110 753 1261 830 corrupta

158 872 235 928 esse,
257 870 359 930 neque
382 851 661 931 grammaticorum
684 851 872 916 coniecturis
895 850 1002 914 deberi
1022 857 1164 932 possunt,
1189 872 1260 916 curn

158 961 190 1016 et
212 953 341 1034 vulgata
363 953 520 1034 scriptura
541 957 608 1014 tam
631 957 742 1033 aperta
764 953 815 1029 sit,
836 959 873 1016 ut
893 953 1008 1016 mirum
1029 951 1129 1016 uideri
1151 954 1260 1036 possit,

158 1053 316 1140 quomodo
339 1054 454 1134 aliquis
477 1053 517 1116 ad
541 1054 753 1116 coniecturam
776 1055 944 1137 confugere
966 1055 1115 1136 potuerit,
1137 1061 1169 1120 et
1191 1075 1261 1120 sae·
1309 1073 1313 1081 ’

156 1157 284 1238 pissime
307 1155 469 1237 adscripta
491 1154 586 1219 lectio
608 1177 647 1218 ne
661 1150 762 1219 metro
778 1155 904 1237 quidem
919 1157 997 1220 satis
1011 1155 1118 1221 faciat.
1156 1157 1260 1234 Quare

157 1279 283 1322 necesse
312 1262 378 1336 est,
415 1262 591 1322 statuamus
621 1258 700 1321 haec
730 1258 826 1322 verba
855 1260 981 1340 proprie
1012 1259 1132 1342 glossas
1155 1259 1259 1338 fuisse,
1385 1255 1387 1258 ’

156 1381 237 1440 quas
260 1358 381 1424 librarii
410 1359 491 1424 falso
518 1379 576 1441 pro
599 1359 695 1423 variis
716 1360 905 1424 lectionibus
926 1361 1105 1425 habuerint.
1149 1361 1200 1425 Ita
1221 1379 1260 1428 ex

157 1462 356 1544 grammatici
378 1462 588 1544 explicatione
611 1468 714 1526 ortum
737 1483 804 1526 esse
825 1463 951 1527 videtur
972 1484 1019 1547 γρ.
1037 1459 1144 1548 πάγου
1165 1465 1207 1530 ad
1223 1464 1258 1530 O.

157 1563 242 1628 (1.1.
267 1565 306 1626 19
327 1564 455 1648 μέτρου.
494 1563 529 1628 0.
554 1563 586 1627 O.
608 1587 637 1628 1.
661 1563 703 1627 90
725 1559 921 1644 ξυνόσυαοις.
957 1564 987 1629 S.
1010 1587 1056 1650 γρ.
1080 1562 1136 1628 καὶ
1157 1561 1259 1630 κατάεΒ

160 1685 282 1742 orcum.
328 1665 401 1730 Fuit
423 1666 557 1730 fortasse
580 1666 770 1732 scholiastae
792 1668 956 1731 annotatio
980 1667 1076 1732 haec:
1107 1662 1180 1731 ἀντὶ
1201 1672 1260 1732 τοῦ

160 1764 358 1845 κατάστασις
387 1772 452 1832 τῶν
480 1766 596 1848 ξένων,
631 1791 670 1832 ex
700 1790 763 1850 qua
790 1769 938 1834 librarius
962 1759 1118 1850 excerpsit
1139 1772 1259 1834 variam

158 1869 332 1935 lectionem.
378 1871 413 1935 O.
439 1869 472 1938 C.
495 1894 523 1935 v.
548 1871 609 1933 193
633 1866 723 1934 πόδα
745 1866 873 1958 κλίνῃς,
912 1871 942 1936 S.
965 1893 1012 1956 γρ.
1036 1867 1177 1960 κινήσῃς.
1223 1873 1258 1937 O.

157 1971 190 2035 0.
213 1995 241 2036 v.
263 1973 345 2036 1060
367 1966 500 2052 aalma,
525 1973 555 2037 S.
578 1995 624 2058 γρ.
650 1968 844 2054 metatorum,-
866 1979 962 2056 atque
983 1974 1044 2038 1100
1066 1975 1169 2057 ipsum
1190 1997 1259 2040 ver-

155 2073 231 2138 bum
254 2071 431 2154 πελάζουσι
454 2058 697 2158 explicationem
727 2076 824 2140 fuisse
852 2076 996 2140 lectionis
1027 2077 1170 2157 πελιῦσι,
1205 2078 1259 2141 de-

155 2183 314 2242 monstrat
336 2178 432 2242 schol.
455 2176 496 2242 ad
519 2199 546 2242 v.
566 2177 665 2241 1059:
689 2172 706 2240 ὁ
724 2177 760 2241 δὲ
775 2181 859 2255 νοῦς·
875 2169 956 2264 Ἆρα
972 2175 1030 2242 ἐπὶ
1045 2176 1103 2243 τὸν
1118 2176 1258 2266 ἕσπερον

153 2283 259 2364 χῶρον
280 2282 337 2365 τῆς
359 2274 448 2354 λείας
470 2277 590 2360 μέτροις
613 2276 887 2364 προςπελάζουσι.
932 2282 1005 2345 Ant.
1029 2305 1057 2345 v.
1081 2281 1123 2343 83
1144 2303 1191 2363 pr.
1214 2304 1256 2346 rn.

155 2376 300 2462 πότμον,
332 2381 362 2446 S.
384 2405 431 2467 γρ.
455 2376 537 2464 βίον.
583 2382 746 2445 Assentior
768 2403 893 2464 quoque
914 2384 978 2447 illis
999 2385 1084 2460 viris,
1108 2385 1163 2464 qui
1183 2385 1257 2448 Aut.

155 2505 183 2548 v.
207 2483 269 2546 633
291 2505 338 2569 γρ.
363 2479 534 2566 apulam»
556 2482 597 2546 ad
620 2483 736 2548 codicis
757 2485 888 2549 verbum
913 2481 1094 2550 λυσσαίνων
1115 2485 1258 2568 adscrip-

155 2591 221 2648 tum
245 2607 284 2650 ex
306 2587 493 2669 glossemate
505 2581 619 2650 'ortum
649 2607 716 2650 esse
746 2592 862 2669 putant
891 2587 1080 2671 obloquente
1102 2588 1258 2654 Herman-

155 2708 215 2766 no,
250 2690 304 2770 qui
331 2689 413 2753 hano
443 2690 609 2752 lectionem
631 2709 689 2770 pro
712 2691 910 2770 grammatici
933 2691 1113 2754 coniectura
1135 2691 1256 2756 habuit.

154 2789 289 2864 Rectum
311 2811 406 2874 porro
427 2792 506 2856 vidit
527 2789 684 2868 Wolfflus,
707 2789 763 2872 qui
784 2813 831 2876 γρ.
856 2787 988 2879 στήλης,
1011 2793 1097 2874 quod
1119 2793 1161 2857 ad
1183 2793 1256 2858 Ant.

154 2913 183 2956 v.
207 2893 269 2956 699
291 2894 425 2977 legitur,
459 2893 700 2975 explicationem
729 2913 796 2957 esse
822 2899 915 2976 putat
943 2895 1111 2960 verborum
1138 2888 1257 2980 χρυσῆς

154 2998 260 3081 τιμῆς,
285 2998 414 3077 quaein
430 3001 519 3060 textu
541 2996 698 3077 leguntur,
723 3000 754 3059 et
776 3017 848 3062 cum
862 2997 910 3060 vir
925 2997 1123 3062 doctissimus
1144 2997 1253 3078 11201

154 3097 238 3161 hanc
262 3118 386 3178 quoque
409 3099 624 3180 quaestionem
645 3105 793 3162 accurate
814 3101 1071 3181 pertractarent,
1102 3100 1178 3164 satis
1199 3098 1257 3162 ha-

154 3199 236 3264 bebo
258 3199 329 3264 illos
351 3200 456 3277 locos,
488 3200 529 3264 'de
560 3200 768 3282 quibuscum
790 3201 917 3266 Wolffio
941 3204 1125 3282 consentin,
1159 3202 1256 3268 nullis

153 3302 271 3367 additis
293 3303 485 3384 argumentis
508 3303 683 3385 adponere:

239 3405 312 3468 Ant.
335 3405 459 3469 1.1301
483 3427 530 3487 pr.
553 3427 594 3470 m.
617 3398 753 3468 ἀνταίαν
880 3404 911 3469 S.
933 3425 980 3489 γρ.
1004 3399 1132 3491 καιρίαν
1214 3481 1215 3488 ¹

274 3507 372 3570 Α1.1.
397 3506 460 3570 273
481 3527 528 3589 pr.
552 3503 811 3593 11φρενούντας
881 3506 912 3571 S.
934 3529 981 3592 γρ.
1004 3505 1190 3589 βλέποντας

273 3610 321 3673 Ai.
343 3631 371 3672 1.
393 3607 458 3672 403
480 3630 526 3691 pr.
549 3631 590 3673 m.
614 3605 701 3696 φύγῃ
882 3609 913 3674 S.
936 3630 983 3693 γρ.
1006 3604 1117 3696 τράπῃ

274 3712 321 3774 Ai.
343 3733 371 3774 11.
395 3711 459 3774 564
480 3733 527 3793 pr.
551 3706 767 3798 111ηλιυπὸς
882 3710 912 3776 S.
935 3733 982 3797 γρ.
1006 3706 1190 3798 τηλουργός,

152 3813 239 3896 quod
261 3813 375 3877 calami
397 3813 488 3896 lapsu
513 3835 571 3896 pro
592 3809 747 3900 τηλουρός
769 3814 922 3896 scriptum
944 3835 1011 3878 esse
1032 3815 1096 3878 iam
1118 3813 1254 3879 scholio-

152 3938 223 3981 rum
245 3914 350 3980 editor
370 3915 532 3979 Romanus
553 3917 714 4000 cognovit3
737 3917 923 3998 interpretes
945 3922 1052 3980 autem
1073 3915 1133 3978 hoc
1154 3935 1201 4001 γρ.
1218 3937 1255 3980 10
1350 4000 1353 4008 Ι

151 4040 227 4083 vera
248 4018 369 4084 variam
391 4017 557 4082 lectionem
579 4039 647 4082 esse
671 4023 834 4083 censentes
856 4018 1030 4101 ambigunt,
1052 4024 1159 4082 utrum
1174 4018 1253 4082 haec

151 4142 194 4186 an
226 4119 283 4184 illa
313 4120 450 4202 genuina
481 4121 522 4185 sit
553 4121 718 4203 scriptura.
783 4121 887 4202 Atque
918 4113 1073 4205 τηλουρός
1103 4120 1255 4202 praetulit

151 4221 298 4288 Wolffius
321 4221 514 4286 contendens
534 4217 688 4308 τηλωπός
711 4213 780 4286 turn
800 4226 925 4286 tantum
955 4222 1050 4287 scribi
1079 4243 1190 4306 posse,
1227 4223 1254 4285 si

151 4345 223 4390 cum
245 4320 352 4411 θήραν
373 4319 454 4404 ticam
476 4326 695 4408 coniungatur,
716 4324 763 4391 ita
783 4329 820 4389 ut
834 4322 951 4390 Teucer
971 4315 1084 4408 procul
1105 4330 1251 4407 spectans
