3084 5124
800 459 843 522 58

271 648 503 724 coniecturam,
536 647 621 728 quod
643 647 707 712 iam
729 647 857 712 Wexius
879 647 1101 726 contenderat,
1133 654 1190 714 aut
1219 669 1239 714 a
1265 671 1372 730 gram·

271 749 395 825 matico,
418 749 469 814 cui
491 743 614 825 πόνους
636 749 824 832 displiceret,
847 754 903 814 aut
923 749 1026 814 avire
1041 749 1160 827 critico,
1182 749 1236 831 qui
1258 771 1372 818 manco

270 849 330 916 hoc
352 850 422 916 loco
444 872 520 916 usus
541 851 724 934 exemplari,
747 853 895 918 lacunam
916 853 962 918 ita
983 851 1110 934 explere
1126 852 1257 929 studuit,
1279 875 1373 918 exco-

269 952 412 1035 gitatam.
456 954 560 1036 Atque
582 953 639 1018 illa
659 954 728 1036 ipsa
755 955 856 1033 ratio,
887 975 951 1036 qua
979 955 1040 1020 hoc
1068 954 1138 1020 loco
1167 955 1294 1020 lectioni
1315 955 1373 1020 cd-

167 1091 169 1094 ·
270 1075 352 1119 nexa
379 1060 427 1120 est
455 1056 635 1140 explicatio,
666 1055 781 1139 probat
810 1057 892 1122 hanc
915 1056 1111 1122 sententiam.
1155 1056 1373 1133 Quotiescum-

270 1179 331 1239 que
352 1158 436 1222 snim
457 1159 490 1224 in
514 1158 640 1224 scholiis
663 1160 782 1224 nostris
797 1158 965 1241 explicatio
985 1158 1123 1224 formula
1144 1147 1224 1244 1ίῇ
1245 1158 1373 1224 lectioni

269 1259 418 1338 additur,
452 1281 574 1344 semper
601 1260 760 1343 explicata
788 1282 848 1325 vox
877 1260 1075 1343 grammatici
1105 1267 1152 1327 est
1180 1261 1373 1338 coniectura,

269 1361 355 1445 quod
376 1363 514 1446 probant
535 1363 633 1428 schol.
664 1363 706 1428 ad
728 1363 763 1426 O.
786 1364 823 1427 R.
854 1387 882 1428 v.
898 1364 970 1428 906.
1001 1363 1052 1427 Tr.
1082 1386 1110 1428 v.
1126 1363 1198 1428 823.
1231 1363 1312 1430 Phil
1342 1386 1371 1428 v.

270 1464 343 1528 854.
373 1464 482 1548 Neque
503 1470 590 1547 puto,
614 1485 664 1528 me
679 1485 795 1543 errare,
818 1467 845 1530 si
865 1465 1021 1531 contendo
1043 1465 1126 1530 hanc
1140 1465 1310 1532 formulam
1331 1459 1373 1530 ἵν’

268 1555 289 1651 ᾖ
310 1567 343 1630 in
364 1566 493 1631 scholiis
514 1567 631 1632 nostns
654 1587 776 1650 semper
790 1567 835 1632 ibi
855 1566 1031 1634 adhibitam
1052 1590 1128 1646 csse,
1150 1568 1205 1633 ubi
1226 1573 1282 1633 aut
1297 1589 1373 1634 eou-

268 1670 390 1734 iectura
418 1672 474 1734 aut
502 1689 585 1733 nova
611 1667 720 1748 aliqua
748 1672 942 1734 constructio
963 1675 1020 1735 aut
1040 1671 1258 1753 interpretatio
1280 1670 1373 1736 affer-

269 1778 337 1848 tur,
367 1792 432 1853 qua
461 1770 616 1836 sententia
646 1771 744 1836 totius
765 1772 827 1837 loci
850 1772 1044 1838 emendatur.
1088 1773 1139 1840 Sic
1162 1772 1228 1838 fere
1250 1793 1373 1854 semper

270 1873 408 1938 occurrit
428 1873 566 1938 formula
590 1866 717 1936 λείπει·
746 1867 787 1936 t'v'
808 1864 837 1960 ᾖ.
874 1875 913 1940 cf.
941 1875 1041 1940 schol.
1065 1875 1108 1940 ad
1129 1875 1165 1940 O.
1189 1876 1225 1940 R.
1248 1896 1276 1938 v.
1301 1873 1372 1938 151.

269 1975 342 2040 Ant
365 1975 503 2040 v.1152.
526 1975 574 2038 Ai.
596 1974 709 2038 v.348.
732 1975 804 2040 886.
827 1977 909 2042 Phil.
924 1977 993 2041 143.
1016 1982 1049 2042 et
1069 1977 1117 2041 Αἱ.
1139 1999 1168 2041 v.
1185 1975 1258 2040 628.
1283 1968 1373 2061 doxa

269 2075 329 2162 γὰρ
351 2080 409 2141 τοῦ
431 2071 588 2166 λόγουτὸ
610 2081 652 2145 0‘11·
676 2069 716 2140 ἵν’
738 2067 759 2164 ᾖ
782 2071 840 2142 οὐκ
862 2073 1003 2157 αἴλινον,
1036 2100 1100 2161 quo
1122 2078 1192 2143 loco
1215 2098 1373 2161 gramma·

269 2182 350 2245 ticus
380 2202 419 2244 ex
449 2179 651 2261 sequentibus
680 2181 880 2263 negationem
909 2182 951 2246 ad
980 2175 1105 2246 αίλινον
1127 2180 1371 2264 intellegendam

269 2301 336 2348 esse
358 2281 497 2364 putavit,
519 2281 600 2346 Phil.
624 2304 651 2346 v.
671 2281 762 2346 1165.
785 2276 803 2346 ὁ
827 2281 864 2348 δὲ
885 2276 969 2348 ἀλλὰ
991 2276 1065 2348 οἶνοί
1086 2287 1146 2348 τοῦ
1169 2280 1226 2348 δέ·
1258 2287 1287 2346 Γ
1285 2286 1373 2346 addc

270 2381 318 2448 de'·
341 2375 381 2448 ἵν’
402 2372 423 2469 ᾗ
445 2377 548 2461 οὕτως
562 2383 630 2448 κτλ.
665 2384 782 2468 Aperte
803 2385 901 2467 igitur
916 2385 1011 2452 scribi
1025 2385 1124 2452 voluit
1139 2384 1176 2450 δέ
1189 2384 1372 2450 scholiasta.

267 2486 309 2550 cf.
332 2485 406 2550 Ant.
429 2508 456 2550 v.
475 2485 546 2563 798,
568 2486 623 2552 ubi
644 2507 758 2551 novam
780 2487 873 2554 affert
894 2489 1177 2566 constructionem
1203 2487 1252 2552 El.
1275 2512 1304 2554 u.
1322 2491 1370 2554 19.

269 2593 424 2654 mutatam
437 2587 734 2671 interpunctionem,
756 2589 805 2654 El.
827 2613 858 2654 v.
872 2591 944 2655 878.
988 2591 1150 2657 Permulta
1171 2589 1236 2656 alia
1257 2591 1371 2658 afferre

268 2711 393 2774 possem
415 2690 583 2774 exempla,
620 2691 676 2758 sed
706 2691 755 2757 his
783 2693 847 2758 iam
868 2694 946 2758 satis
965 2714 1121 2777 superque
1142 2714 1237 2770 eam,
1275 2715 1371 2776 quam

268 2814 365 2877 supra
387 2792 491 2872 attuli,
514 2794 712 2871 sententiam,
736 2795 814 2859 mihi
836 2794 945 2861 videor
966 2797 1208 2860 demonstrasse.

352 2895 446 2961 Patet
467 2901 572 2961 autem
595 2897 796 2962 coniecturae
819 2898 928 2984 deberi
948 2899 1069 2963 variam
1091 2897 1267 2974 lectionem,
1290 2919 1371 2978 quae

268 2998 302 3061 in
325 2996 445 3061 scholio
467 2997 509 3061 ad
532 2997 644 3062 Trach.
672 3021 700 3061 v.
722 2999 787 3061 434
813 2999 960 3065 affertur:
991 2995 1132 3086 περισσὴ
1158 2992 1178 3085 ἡ
1200 3003 1258 3068 οἰῖο
1280 2992 1301 3086 ἢ
1321 3021 1369 3084 γρ.

269 3093 463 3184 παρσιήσιο·
493 3088 563 3164 οἷον
584 3092 603 3162 ὁ
625 3091 806 3182 ἄνθρωπος
829 3097 938 3188 στήτω
960 3097 1139 3188 παρελθιίν
1160 3095 1209 3179 είς
1228 3100 1331 3184 μέσον
1350 3099 1368 3166 ὁ

268 3199 439 3285 διελέγχων
460 3223 510 3282 με,
534 3200 574 3266 de
595 3191 660 3283 qua
674 3203 791 3285 optime
813 3203 892 3268 dixit
907 3204 1089 3271 Dindorfius
1110 3204 1144 3269 iu
1165 3206 1371 3272 annotatione

267 3301 364 3368 adh.
386 3303 407 3368 l.
452 3303 556 3385 Atque
577 3304 680 3368 haesit
707 3311 796 3371 vetus
820 3309 1045 3390 grammaticus
1074 3307 1108 3372 in
1129 3307 1241 3372 Trach.
1262 3329 1291 3370 v.
1308 3307 1370 3374 823

269 3405 395 3476 (Elmsl.
419 3405 497 3490 825)
524 3401 585 3482 τὰς
613 3403 827 3492 παλαιφάτου
855 3405 1012 3494 προνοίας
1039 3404 1088 3474 ὅτ’
1117 3404 1245 3488 ἔλακεν,
1276 3416 1307 3475 et
1334 3415 1371 3474 ut

268 3503 383 3574 ἔλακεν
405 3507 546 3586 haberet,
569 3527 631 3589 quo
654 3509 834 3590 referretur,
858 3511 954 3576 sembi
975 3511 1075 3576 voluit
1088 3506 1149 3590 τὰς
1163 3507 1269 3578 πάλαι
1287 3507 1369 3576 Φοί-

268 3615 338 3692 βου,
361 3610 445 3676 hanc
467 3612 550 3676 enim
565 3611 733 3678 lectionem
746 3613 848 3679 inesse
862 3614 896 3678 in
911 3613 1042 3691 scholio,
1059 3634 1107 3698 γρ.
1124 3609 1367 3700 παλαιφοίβου·

269 3704 309 3775 ἵν’
331 3701 351 3798 ᾖ
372 3715 431 3798 τῆς
451 3708 558 3778 πάλαι
578 3718 849 3802 μαντευσαμένης,
878 3719 1068 3801 φοιβᾶσθαι
1089 3711 1149 3802 γὰρ
1170 3711 1209 3780 ab
1230 3711 1369 3798 μαντεί-

270 3819 380 3892 εσθαι,
410 3816 557 3898 cognovit
579 3815 788 3882 Hermannus.
842 3815 971 3901 Didymi
998 3816 1134 3883 fortasse
1156 3819 1370 3884 comesturam

269 3937 440 4001 agnoscere
462 3918 580 4000 poteris
607 3919 640 3984 ia
662 3919 784 3984 schoho
806 3917 848 3984 ad
868 3918 950 3983 Phil.
972 3941 1000 3982 v.
1024 3917 1104 3984 854:
1139 3911 1266 4004 ίίπορόν
1298 3917 1370 3986 ἐστι

270 4014 325 4082 καί
346 4021 418 4096 τοῖς
440 4023 585 4098 σονεεοίς
605 4021 748 4086 συνιδεῖν
769 4017 808 4086 τὸ
831 4018 1018 4101 πρακτέον·
1046 4015 1155 4088 λείπει
1183 4011 1239 4086 οὖν
1267 4016 1287 4084 d
1310 4016 1367 4086 καί

270 4141 316 4205 γρ.
339 4123 491 4198 πυκνοῖς·
525 4116 566 4186 t'a'
586 4112 607 4210 ᾗ
630 4119 663 4189 ἐν
686 4119 856 4210 πράγμασι
879 4125 1016 4200 πυκνοῖς
1038 4122 1179 4189 συνιδεῖν
1199 4119 1238 4188 τὸ
1260 4145 1369 4210 mpos-

269 4222 345 4288 τίον
367 4213 501 4310 ίίπορον.
547 4225 697 4292 Videmus
717 4247 758 4292 ex
780 4225 840 4290 hoc
862 4225 993 4304 scholio,
1015 4227 1061 4292 ita
1082 4231 1118 4292 ut
1139 4248 1178 4292 ex
1200 4225 1368 4308 prioribus,

266 4324 333 4394 iam
355 4329 473 4392 veteres
485 4327 710 4410 grammaticos
731 4327 765 4393 in
785 4324 857 4395 loco
878 4327 1018 4396 hacshse
1023 4355 1034 4408 3
1056 4328 1138 4394 aher
1157 4327 1243 4394 enim
1262 4350 1370 4413 gram-
