3084 5124
8 4319 9 4350 l

8 4361 10 4416 l

678 497 720 560 23

145 709 255 754 earum
278 707 359 767 quae
380 683 612 765 antiquioribus
634 684 789 751 debentur
811 683 973 748 manibus:

231 786 430 854 Ο.11.;6ὀ.
498 785 533 849 Ο.
557 784 590 850 G.
616 811 623 850 ε
646 788 696 851 23.
763 788 836 852 Ant.
860 811 867 848 :
891 784 941 848 23.
1007 783 1057 848 Tr.
1082 809 1089 848 ε
1112 784 1142 848 8,

281 891 327 954 Ai.
353 915 360 954 :
384 889 433 954 26.
534 887 590 952 Ph.
614 913 621 953 :
648 889 696 952 11.

278 993 326 1058 ΕΙ.
349 1018 357 1056 :
380 990 431 1054 44.
1042 1073 1043 1076 Ἴ

231 1097 291 1173 oui
313 1094 434 1160 numeri
459 1099 567 1176 aperte
589 1092 704 1160 docent
731 1093 899 1176 plerasque
927 1093 1117 1159 mutationes
1148 1094 1250 1158 factas

144 1219 213 1264 esse
235 1199 269 1262 in
291 1196 423 1262 fabulis:
454 1194 614 1278 Oedipode
635 1217 724 1278 rege,
749 1196 852 1273 Aiace,
875 1195 1013 1273 Electra,
1036 1200 1153 1260 etcum
1169 1196 1249 1260 scia-

144 1322 214 1364 mus
243 1299 301 1363 has
328 1297 452 1364 fabulas
481 1319 501 1362 a
531 1299 745 1380 grammaticis
774 1297 954 1380 byzantinis
983 1317 1060 1379 prae
1083 1298 1195 1362 ceteris
1218 1303 1250 1362 et

144 1403 210 1468 fere
234 1401 319 1466 solas
342 1399 515 1482 explicatas
539 1421 622 1478 esse,
652 1401 794 1483 suspicor
817 1420 941 1464 omnem
962 1399 1051 1463 illam
1073 1398 1249 1465 multitudi-

147 1525 218 1568 nem
239 1502 399 1569 variarum
420 1502 591 1568 lectionum
614 1525 634 1567 a
655 1503 773 1568 recenti
795 1523 891 1566 manu
914 1501 1162 1583 adscriptorum,
1194 1523 1248 1566 ex-

148 1603 246 1686 ceptis
266 1603 427 1668 nonnullis
451 1605 612 1687 exemplis,
635 1605 673 1669 de
695 1604 809 1686 quibus
831 1609 926 1668 antea
942 1603 1061 1668 dictum
1084 1609 1133 1668 est
1151 1605 1186 1688 ¹),
1210 1626 1248 1668 ex

148 1705 235 1770 libris
266 1707 477 1770 recentiorum
509 1706 752 1790 byzantinorum
788 1707 1067 1789 grammaticorum
1100 1704 1247 1770 haustam

146 1830 222 1886 esse,
245 1808 299 1890 qui
320 1808 393 1872 libri
416 1809 589 1876 certissime
612 1808 794 1892 interpolati
816 1813 908 1873 erant
923 1813 955 1872 et
969 1809 1247 1891 grammaticorum

142 1911 270 1976 illorum
292 1911 477 1975 commentis
499 1912 620 1994 repleti.
665 1910 756 1988 ouon
778 1911 804 1974 si
826 1911 1004 1988 statuimus
1026 1911 1247 1994 intellegimus,

143 2033 207 2094 quo
230 2012 323 2076 modo
345 2012 464 2078 factum
487 2015 542 2092 sit,
580 2019 617 2078 ut
638 2015 721 2079 inter
743 2013 815 2076 illas
837 2013 1026 2077 mutationes
1050 2017 1082 2076 et
1104 2011 1247 2094 praecla-

143 2115 286 2179 rissimae
316 2115 465 2180 lectiones
498 2121 530 2179 et
556 2116 769 2198 ineptissimae
799 2115 1007 2202 coniecturae
1028 2114 1246 2192 inveniantur3

142 2217 276 2295 accedit,
299 2215 383 2298 quod
405 2217 538 2300 glossae,
562 2239 642 2298 qnae
664 2239 684 2280 a
705 2217 843 2282 librariis
865 2238 923 2299 pro
939 2205 1035 2280 variis
1058 2217 1246 2282 lectionibus

143 2320 272 2384 habitae
295 2324 376 2397 sunt,
399 2324 434 2383 ut
455 2320 502 2384 Ai.
519 2342 547 2383 v.
563 2319 628 2383 564
648 2314 693 2396 ὡς
714 2314 869 2406 epicopus·
897 2340 917 2382 a
943 2342 984 2383 m.
1007 2339 1068 2384 rec.
1092 2325 1124 2384 et
1147 2319 1193 2382 Ai.
1217 2341 1245 2382 v.

142 2421 206 2486 467
229 2442 276 2506 γρ.
299 2415 473 2500 πολύχνιον
495 2428 526 2486 et
548 2421 773 2504 explicationes
796 2421 893 2492 variis
915 2420 1104 2486 lectionibus
1126 2421 1246 2485 adscri-

143 2529 232 2606 ptae:
255 2522 290 2586 0.
314 2522 350 2586 R.
374 2545 401 2586 v.
425 2523 485 2586 631
516 2545 562 2607 γρ.
587 2519 730 2610 καιρίαν·
761 2515 857 2610 iy‘youv
883 2519 967 2586 accde
989 2519 1123 2608 καιρόν,
1165 2545 1250 2605 quae

142 2625 387 2710 byzantinorum
410 2625 579 2693 ostendunt
601 2626 808 2708 sapientiam,
844 2625 917 2690 huic
946 2626 1121 2690 sententiae
1151 2647 1245 2708 quam

144 2728 279 2792 maxime
302 2728 417 2792 favent.
461 2726 508 2793 De
523 2729 738 2810 antiquiorum
752 2749 904 2792 manuum
919 2728 1147 2793 mutationibus
1163 2727 1246 2795 idem

146 2849 209 2894 non
230 2850 288 2911 pro
310 2835 396 2894 certo
419 2829 575 2907 dixerim,
613 2851 805 2912 quamquam
834 2828 1004 2894 nonnullas
1035 2849 1160 2911 quoque
1182 2828 1246 2894 illis

145 2930 233 2996 libris
257 2930 364 2996 deberi
385 2932 592 3014 probabiliter
613 2931 728 3014 aliquis
750 2932 895 2996 coniciet.

680 3280 708 3342 2.

229 3461 435 3526 Alia-manus
459 3469 530 3541 est,
568 3484 663 3545 quam
687 3460 870 3527 Dindorfius
893 3461 1060 3545 ὁιορθωτῇ
1082 3458 1194 3523 tribuit
1214 3464 1246 3521 et

143 3565 236 3628 litera
259 3564 288 3629 S.
317 3563 513 3647 significavit.
558 3564 670 3629 Adhuc
705 3570 811 3628 autem
843 3584 907 3626 non
940 3567 1066 3626 constat
1095 3559 1244 3624 iudicium

143 3665 182 3730 de
204 3665 393 3730 auctoritate
415 3666 585 3731 lectionum
607 3689 627 3731 a
655 3667 685 3731 S.
708 3665 962 3748 adseriptarnm;
993 3660 1177 3727 Dindorfins
1199 3662 1245 3726 ita

142 3767 263 3831 iudicat
279 3769 316 3852 2).
376 3768 426 3846 „Is
459 3768 608 3852 Sophocli
641 3760 773 3833 eandem
805 3788 901 3850 quam
928 3765 1083 3849 Aeschylo
1116 3784 1244 3846 operam
1366 3757 1368 3762 ’

142 3869 329 3951 „praestitit
373 3870 454 3934 Nam
477 3872 728 3953 quattuordecim
757 3871 815 3934 has
842 3869 1023 3952 tragoedias
1044 3888 1109 3930 non
1131 3865 1244 3941 solum,

142 3993 235 4050 „cum
257 3971 429 4056 archetypo
451 3995 561 4039 rursus
583 3975 718 4039 contulit
742 4011 783 4018 —
807 3972 845 4036 de
873 3992 936 4053 quo
965 3990 1089 4034 omnem
1118 3966 1244 4031 dubita-

141 4074 280 4150 „tionem
307 4075 448 4139 eximunt
476 4098 585 4141 versus
613 4076 719 4158 plures
749 4079 781 4138 et
802 4073 966 4156 Sophoclis
995 4077 1026 4136 et
1048 4069 1195 4154 Aeschyli
1224 4090 1243 4133 a

215 4301 234 4364 ¹)
271 4298 305 4353 cf.
323 4317 351 4368 p.
374 4302 413 4352 15.

213 4387 236 4453 ²)
271 4386 306 4440 cf.
324 4387 409 4456 praef,
429 4406 455 4457 p.
475 4389 506 4442 V.
