3084 5124
808 503 848 564 10

277 693 397 758 scholia
419 691 670 757 emendationem
691 691 830 772 aliquam
852 688 1023 771 praebent,
1062 709 1271 771 componam,
1309 695 1377 752 tum

277 795 350 860 illos
372 795 426 858 ubi
449 794 576 858 scholiis
598 792 726 876 vulgata
748 792 842 856 lectio
869 791 909 856 ab
931 791 1110 855 hominibus
1132 791 1232 856 doctis
1253 791 1376 874 impug-

277 904 354 962 nata
376 895 571 974 defenditur,
599 896 692 971 tertio
715 895 784 958 loco
797 894 861 959 -ubi
883 894 921 958 de
944 893 1135 960 scholiorum
1157 893 1291 957 lectione
1313 914 1377 958 non

277 999 393 1082 liquet,
416 1004 531 1081 quarto
553 999 607 1062 ubi
628 997 744 1061 falsam
765 996 885 1061 habent
906 997 1089 1074 lectionem,
1113 994 1248 1077 denique
1268 994 1323 1058 ubi
1345 1000 1377 1059 et

277 1103 393 1166 falsam
420 1108 451 1166 et
478 1106 598 1166 rectam
625 1100 719 1164 simul
749 1104 923 1162 servarunt.
967 1099 1017 1162 Ex
1046 1118 1108 1180 quo
1131 1099 1272 1180 sequitur
1293 1096 1377 1163 hanc

278 1205 494 1287 quaestionem
516 1225 536 1267 a
557 1204 624 1267 viro
647 1202 828 1267 doctissimo
848 1201 882 1264 in
898 1222 1005 1265 omnes
1020 1205 1127 1283 partes
1142 1200 1377 1271 accuratissime

277 1329 345 1372 esse
368 1307 596 1384 examinatam,
617 1305 664 1369 ita
685 1311 721 1369 ut
743 1325 812 1368 eam
834 1302 969 1367 fortasse
990 1302 1051 1366 hoc
1073 1301 1154 1366 libro
1178 1303 1305 1366 omnino
1327 1323 1377 1365 so-

276 1409 376 1474 lutam
398 1429 465 1473 esso
488 1407 655 1471 existimes.
701 1407 770 1484 Qua
792 1428 826 1470 re
848 1407 962 1470 mirum
984 1405 1083 1470 videri
1105 1409 1220 1488 posset,
1242 1426 1291 1468 me
1305 1412 1378 1487 post

276 1512 434 1596 egregium
455 1509 575 1574 Wolffii
604 1530 683 1592 opus
713 1508 815 1572 denuo
844 1509 887 1572 ad
914 1508 999 1572 hanc
1027 1507 1243 1588 quaestionem
1271 1505 1378 1571 decer-

277 1613 415 1678 nendam
443 1611 616 1687 accedere,
654 1616 749 1692 atque
776 1632 816 1674 ne
837 1609 933 1692 plane
955 1629 1221 1691 supervacaneum
1244 1630 1322 1691 opus
1344 1609 1378 1672 in

276 1737 326 1782 me
348 1715 520 1797 suscepisse
541 1713 659 1790 videar,
682 1733 735 1777 eas
757 1712 919 1796 proferam
942 1732 1063 1787 causas,
1085 1732 1166 1793 quae
1188 1733 1238 1776 me
1260 1711 1378 1777 adhoc

276 1817 443 1882 consilium
464 1815 697 1879 commoverint.
742 1815 883 1877 Primum
904 1813 1001 1895 igitur
1022 1812 1079 1876 illa
1099 1814 1170 1896 ipsa
1191 1835 1258 1891 ros,
1292 1815 1378 1896 quod

276 1939 396 2003 paucae
417 1921 543 1982 tantum
565 1917 774 1993 coniecturae,
797 1936 876 1997 quas
885 1913 1031 1979 Wolifius
1055 1915 1246 1980 scholiorum
1269 1922 1378 1981 auoto-

275 2021 370 2085 ritate
392 2018 611 2084 commendare
634 2017 764 2097 studuit,
786 2017 827 2082 ab
850 2016 1023 2081 editoribus
1039 2017 1203 2102 Sophoclis
1225 2018 1378 2101 probatae

276 2127 350 2188 sunt
364 2122 443 2186 etin
457 2126 580 2186 textum
594 2127 748 2203 receptae,
771 2119 980 2201 suspicionem
995 2140 1120 2184 movere
1141 2125 1254 2202 potest,
1275 2121 1378 2184 virum

276 2224 490 2290 doctissimum
512 2244 577 2287 non
600 2243 722 2305 semper
743 2230 863 2287 rectam
884 2221 991 2286 iniisse
1013 2222 1112 2300 viam3
1148 2223 1270 2288 accedit
1292 2223 1378 2305 quod

275 2325 421 2391 Wolffius
450 2326 518 2409 ipse
546 2327 580 2389 in
610 2326 715 2390 Aiacis
744 2330 776 2388 et
804 2324 950 2388 Electrae
980 2325 1116 2388 editione
1137 2326 1161 2409 ¹)
1201 2325 1378 2408 complures

275 2450 384 2494 earum
407 2428 679 2506 coniecturarum,
716 2426 851 2506 quasin
875 2425 956 2490 libro
978 2425 1017 2490 de
1040 2425 1166 2491 scholiis
1188 2427 1285 2504 fecit,
1322 2433 1378 2492 aut

275 2531 399 2595 disertis
421 2529 525 2594 verbis
547 2530 697 2607 retraxit,
721 2535 777 2593 aut
798 2529 922 2592 silentio
944 2529 1172 2610 praetermisit,
1196 2550 1259 2610 qua
1282 2549 1377 2594 exre

275 2633 416 2714 sequitur
439 2653 508 2696 eum
532 2653 615 2694 nunc
631 2631 670 2695 de
684 2631 747 2694 illis
762 2630 840 2694 locis
855 2631 948 2695 aliter
963 2630 1111 2695 iudicare.
1144 2629 1266 2715 'Altera
1281 2651 1377 2695 causa

276 2739 402 2799 constat
422 2734 455 2796 in
478 2733 548 2815 ipsa
570 2734 804 2816 compositione,
827 2755 891 2814 qua
905 2731 1052 2796 Wolffius
1075 2753 1131 2795 suo
1152 2731 1186 2794 in
1201 2730 1287 2796 libro
1301 2753 1378 2796 usus

275 2841 340 2914 est,
363 2835 503 2918 singulos
526 2836 609 2900 enim
631 2835 733 2922 locos,
762 2857 840 2916 quos
863 2834 1055 2900 scholiorum
1076 2833 1195 2898 auxilio
1216 2833 1378 2899 emendari

274 2959 365 3020 posse
388 2939 525 3020 putavit,
553 2958 590 3001 eo
613 2936 723 3001 ordine
746 2938 939 3020 composuit,
969 2956 1031 3018 quo
1056 2935 1089 2999 in
1108 2937 1279 3019 tragoediis
1300 2937 1376 3020 ipsis

275 3039 438 3122 leguntur,
467 3058 531 3119 qua
553 3038 680 3118 quidem
701 3060 735 3102 re
757 3038 838 3103 illud
859 3038 1037 3115 lucramur,
1069 3037 1155 3118 quod
1178 3038 1293 3122 singuli
1315 3039 1377 3104 loci

275 3141 375 3205 multo
397 3139 522 3204 facilius
543 3140 677 3204 inveniri
698 3146 853 3223 possunt3
889 3141 928 3205 de
951 3138 1082 3222 singulis
1103 3144 1208 3205 autem
1230 3140 1378 3205 emenda-

273 3243 397 3306 tionum
429 3241 595 3324 generibus
628 3262 799 3324 eorumque
830 3242 970 3306 fontibus
1006 3246 1127 3308 certum
1160 3241 1310 3306 iudicium
1338 3265 1376 3306 ex

275 3341 395 3408 Wolffii
416 3342 497 3407 libro
521 3343 612 3407 nobis
636 3365 821 3427 comparare
843 3366 908 3408 non
929 3364 1105 3427 possumus.
1149 3342 1228 3408 Cum
1242 3345 1377 3427 denique

275 3445 451 3509 novissimis
479 3443 675 3528 temporibus
704 3447 804 3510 codex
830 3446 1063 3510 Laurentianus
1090 3443 1251 3510 Duebneri
1280 3469 1378 3530 opera

273 3548 307 3612 in
322 3568 415 3612 usum
430 3546 467 3610 G.
481 3546 652 3612 Dindorffii
674 3549 910 3614 accuratissime
933 3547 1078 3612 conlatus
1101 3549 1150 3626 sit,
1174 3553 1206 3613 et
1228 3550 1314 3630 quod
1336 3551 1377 3615 ad

275 3671 342 3715 rem
364 3649 506 3713 criticam
528 3649 707 3714 faciendam
729 3649 779 3714 vel
800 3651 930 3714 maximi
950 3650 1101 3714 momenti
1123 3655 1187 3729 est,
1224 3652 1308 3716 inter
1330 3653 1378 3718 di·

274 3772 382 3817 versas
403 3771 525 3827 manus,
547 3772 629 3832 quae
651 3752 737 3817 hunc
760 3752 900 3817 codicem
922 3756 1103 3829 exararunt,
1126 3751 1296 3818 discretum
1319 3757 1377 3835 sit3

274 3854 375 3918 multo
397 3853 575 3918 accuratius
598 3875 682 3918 nunc
704 3854 744 3918 de
765 3854 834 3936 ipso
855 3859 968 3933 textu,
1006 3853 1045 3918 de
1066 3853 1161 3917 variis
1189 3854 1378 3923 lectionibus

199 4011 204 4022 .
275 3955 452 4038 adscriptis,
476 3954 515 4019 de
537 3955 664 4020 scholiis
686 3955 826 4021 iudicare
848 3977 1024 4038 possumus,
1047 3977 1144 4038 quam
1159 3964 1234 4023 ante
1250 3959 1308 4024 hos
1329 3961 1375 4024 vi·

276 4056 355 4142 ginti
377 4077 478 4122 annos
500 4057 598 4121 licuit.
642 4057 745 4139 Atque
767 4058 827 4124 hac
849 4059 1028 4124 conlatione
1051 4060 1200 4142 apparuit
1213 4061 1376 4127 nonnullis

275 4159 353 4225 locis
382 4178 488 4222 veram
515 4158 682 4224 lectionem
710 4182 799 4238 non,
836 4161 922 4243 quod
943 4160 1088 4226 Wolffius
1118 4163 1263 4246 putavit,
1301 4164 1376 4229 solis

350 4367 370 4436 Ι)
404 4367 516 4438 Lipsiae
532 4369 606 4438 apud
624 4371 655 4423 B.
674 4371 705 4423 G.
721 4369 906 4424 Teubnernm.
944 4371 1012 4424 1858
1029 4375 1059 4425 et
1078 4373 1154 4425 1863.
