<?xml version="1.0" encoding="UTF-8"?>
<!DOCTYPE html PUBLIC "-//W3C//DTD XHTML 1.0 Transitional//EN"
    "http://www.w3.org/TR/xhtml1/DTD/xhtml1-transitional.dtd">
<html xmlns="http://www.w3.org/1999/xhtml" xml:lang="en" lang="en">
 <head>
  <title>
</title>
<meta http-equiv="Content-Type" content="text/html;charset=utf-8" />
  <meta name='ocr-system' content='tesseract 3.04.00' />
  <meta name='ocr-capabilities' content='ocr_page ocr_carea ocr_par ocr_line ocrx_word'/>
</head>
<body>
  <div class='ocr_page' id='page_1' title='image "./descholiorumlau00paulgoog_0045.png"; bbox 0 0 3084 5124; ppageno 0'>
   <div class='ocr_carea' id='block_1_1' title="bbox 809 443 851 512">
    <p class='ocr_par' dir='ltr' id='par_1_1' title="bbox 809 443 851 512">
     <span class='ocr_line' id='line_1_1' title="bbox 809 443 851 512; baseline 0.024 -1"><span class='ocrx_word' id='word_1_1' title='bbox 809 443 851 512; x_wconf 76' lang='lat'><strong>40</strong></span> 
     </span>
    </p>
   </div>
   <div class='ocr_carea' id='block_1_2' title="bbox 279 618 1398 1431">
    <p class='ocr_par' dir='ltr' id='par_1_2' title="bbox 279 618 1382 819">
     <span class='ocr_line' id='line_1_2' title="bbox 279 618 1382 718; baseline -0.005 -18"><span class='ocrx_word' id='word_1_2' title='bbox 279 642 385 701; x_wconf 89' lang='lat' dir='ltr'><strong>autem</strong></span> <span class='ocrx_word' id='word_1_3' title='bbox 399 636 558 700; x_wconf 83' lang='lat' dir='ltr'><strong>Personus</strong></span> <span class='ocrx_word' id='word_1_4' title='bbox 570 655 677 700; x_wconf 88' lang='lat' dir='ltr'><strong>veram</strong></span> <span class='ocrx_word' id='word_1_5' title='bbox 690 637 879 718; x_wconf 80' lang='lat' dir='ltr'><strong>scripturam</strong></span> <span class='ocrx_word' id='word_1_6' title='bbox 893 653 932 698; x_wconf 87' lang='lat' dir='ltr'><strong>ex</strong></span> <span class='ocrx_word' id='word_1_7' title='bbox 941 632 998 696; x_wconf 85' lang='lat' dir='ltr'><strong>illa</strong></span> <span class='ocrx_word' id='word_1_8' title='bbox 1008 633 1162 698; x_wconf 78' lang='lat' dir='ltr'><strong>restituit:</strong></span> <span class='ocrx_word' id='word_1_9' title='bbox 1185 622 1236 695; x_wconf 68' lang='lat' dir='ltr'><strong>u?</strong></span> <span class='ocrx_word' id='word_1_10' title='bbox 1247 618 1287 692; x_wconf 76' lang='lat' dir='ltr'><strong>ud</strong></span> <span class='ocrx_word' id='word_1_11' title='bbox 1302 625 1382 715; x_wconf 65' lang='grc' dir='ltr'><strong>τᾷδ’</strong></span> 
     </span>
     <span class='ocr_line' id='line_1_3' title="bbox 280 728 1380 819; baseline -0.005 -17"><span class='ocrx_word' id='word_1_12' title='bbox 280 728 447 818; x_wconf 44' lang='grc' dir='ltr'><strong>ἐξέδειξοςρ</strong></span> <span class='ocrx_word' id='word_1_13' title='bbox 464 758 546 819; x_wconf 87' lang='lat' dir='ltr'><strong>quae</strong></span> <span class='ocrx_word' id='word_1_14' title='bbox 561 737 601 800; x_wconf 90' lang='lat' dir='ltr'><strong>ab</strong></span> <span class='ocrx_word' id='word_1_15' title='bbox 618 737 761 801; x_wconf 85' lang='lat' dir='ltr'><strong>omnibus</strong></span> <span class='ocrx_word' id='word_1_16' title='bbox 777 736 949 801; x_wconf 75' lang='lat' dir='ltr'><strong>editoribus</strong></span> <span class='ocrx_word' id='word_1_17' title='bbox 965 757 1086 800; x_wconf 89' lang='lat' dir='ltr'><strong>summo</strong></span> <span class='ocrx_word' id='word_1_18' title='bbox 1100 736 1168 800; x_wconf 92' lang='lat' dir='ltr'><strong>iure</strong></span> <span class='ocrx_word' id='word_1_19' title='bbox 1183 741 1311 817; x_wconf 88' lang='lat' dir='ltr'><strong>recepta</strong></span> <span class='ocrx_word' id='word_1_20' title='bbox 1322 739 1380 798; x_wconf 87' lang='lat' dir='ltr'><strong>est.</strong></span> 
     </span>
    </p>

    <p class='ocr_par' dir='ltr' id='par_1_3' title="bbox 280 836 1398 1006">
     <span class='ocr_line' id='line_1_4' title="bbox 365 836 1398 921; baseline -0.002 -19"><span class='ocrx_word' id='word_1_21' title='bbox 365 840 484 904; x_wconf 87' lang='lat' dir='ltr'><strong>Eodem</strong></span> <span class='ocrx_word' id='word_1_22' title='bbox 514 839 607 903; x_wconf 90' lang='lat' dir='ltr'><strong>modo</strong></span> <span class='ocrx_word' id='word_1_23' title='bbox 637 836 797 920; x_wconf 86' lang='lat' dir='ltr'><strong>praelatae</strong></span> <span class='ocrx_word' id='word_1_24' title='bbox 827 844 901 902; x_wconf 89' lang='lat' dir='ltr'><strong>sunt</strong></span> <span class='ocrx_word' id='word_1_25' title='bbox 922 844 978 904; x_wconf 87' lang='lat' dir='ltr'><strong>aut</strong></span> <span class='ocrx_word' id='word_1_26' title='bbox 998 837 1223 921; x_wconf 80' lang='lat' dir='ltr'><strong>praeferendae</strong></span> <span class='ocrx_word' id='word_1_27' title='bbox 1244 857 1312 902; x_wconf 87' lang='lat' dir='ltr'><strong>esse</strong></span> <span class='ocrx_word' id='word_1_28' title='bbox 1332 837 1398 900; x_wconf 80' lang='lat' dir='ltr'><strong>ri·-</strong></span> 
     </span>
     <span class='ocr_line' id='line_1_5' title="bbox 280 941 412 1006; baseline -0.015 0"><span class='ocrx_word' id='word_1_29' title='bbox 280 941 412 1006; x_wconf 88' lang='lat' dir='ltr'><strong>dentur:</strong></span> 
     </span>
    </p>

    <p class='ocr_par' dir='ltr' id='par_1_4' title="bbox 279 1035 1381 1431">
     <span class='ocr_line' id='line_1_6' title="bbox 365 1035 1381 1125; baseline -0.003 -20"><span class='ocrx_word' id='word_1_30' title='bbox 365 1041 400 1105; x_wconf 90' lang='lat'><strong>0.</strong></span> <span class='ocrx_word' id='word_1_31' title='bbox 423 1041 460 1104; x_wconf 88' lang='lat' dir='ltr'><strong>R.</strong></span> <span class='ocrx_word' id='word_1_32' title='bbox 482 1063 510 1104; x_wconf 81' lang='lat' dir='ltr'><strong>v.</strong></span> <span class='ocrx_word' id='word_1_33' title='bbox 534 1041 597 1104; x_wconf 93' lang='grc'><strong>212</strong></span> <span class='ocrx_word' id='word_1_34' title='bbox 625 1063 671 1123; x_wconf 91' lang='lat' dir='ltr'><strong>pr.</strong></span> <span class='ocrx_word' id='word_1_35' title='bbox 695 1064 736 1105; x_wconf 94' lang='lat' dir='ltr'><strong>m.</strong></span> <span class='ocrx_word' id='word_1_36' title='bbox 758 1035 974 1122; x_wconf 81' lang='grc' dir='ltr'><em>μονόστολον,</em></span> <span class='ocrx_word' id='word_1_37' title='bbox 1008 1062 1054 1125; x_wconf 95' lang='grc' dir='ltr'><strong>γρ.</strong></span> <span class='ocrx_word' id='word_1_38' title='bbox 1077 1035 1268 1122; x_wconf 80' lang='grc' dir='ltr'><em>ὁμόστολον,</em></span> <span class='ocrx_word' id='word_1_39' title='bbox 1293 1039 1381 1121; x_wconf 86' lang='lat' dir='ltr'><strong>quud</strong></span> 
     </span>
     <span class='ocr_line' id='line_1_7' title="bbox 279 1142 1381 1225; baseline -0.002 -17"><span class='ocrx_word' id='word_1_40' title='bbox 279 1145 320 1209; x_wconf 86' lang='lat' dir='ltr'><strong>ab</strong></span> <span class='ocrx_word' id='word_1_41' title='bbox 343 1142 487 1207; x_wconf 89' lang='lat' dir='ltr'><strong>omnibus</strong></span> <span class='ocrx_word' id='word_1_42' title='bbox 509 1150 670 1225; x_wconf 88' lang='lat' dir='ltr'><strong>receptum</strong></span> <span class='ocrx_word' id='word_1_43' title='bbox 692 1149 740 1208; x_wconf 89' lang='lat' dir='ltr'><strong>cst</strong></span> <span class='ocrx_word' id='word_1_44' title='bbox 761 1143 950 1222; x_wconf 82' lang='lat' dir='ltr'><strong>editoribus3</strong></span> <span class='ocrx_word' id='word_1_45' title='bbox 984 1165 1058 1207; x_wconf 84' lang='lat' dir='ltr'><strong>narn</strong></span> <span class='ocrx_word' id='word_1_46' title='bbox 1081 1143 1197 1208; x_wconf 89' lang='lat' dir='ltr'><strong>codicis</strong></span> <span class='ocrx_word' id='word_1_47' title='bbox 1220 1143 1381 1224; x_wconf 87' lang='lat' dir='ltr'><strong>scriptura</strong></span> 
     </span>
     <span class='ocr_line' id='line_1_8' title="bbox 279 1243 1380 1328; baseline -0.004 -18"><span class='ocrx_word' id='word_1_48' title='bbox 279 1245 479 1310; x_wconf 89' lang='lat' dir='ltr'><strong>hauddubie</strong></span> <span class='ocrx_word' id='word_1_49' title='bbox 507 1267 545 1309; x_wconf 85' lang='lat' dir='ltr'><strong>ex</strong></span> <span class='ocrx_word' id='word_1_50' title='bbox 574 1246 634 1310; x_wconf 87' lang='lat' dir='ltr'><strong>hac</strong></span> <span class='ocrx_word' id='word_1_51' title='bbox 662 1250 814 1328; x_wconf 89' lang='lat' dir='ltr'><strong>corrupta</strong></span> <span class='ocrx_word' id='word_1_52' title='bbox 836 1251 883 1310; x_wconf 91' lang='lat' dir='ltr'><strong>est</strong></span> <span class='ocrx_word' id='word_1_53' title='bbox 904 1251 935 1310; x_wconf 90' lang='lat' dir='ltr'><strong>et</strong></span> <span class='ocrx_word' id='word_1_54' title='bbox 956 1245 1092 1310; x_wconf 90' lang='lat' dir='ltr'><strong>fortasse</strong></span> <span class='ocrx_word' id='word_1_55' title='bbox 1118 1247 1184 1323; x_wconf 92' lang='lat' dir='ltr'><strong>ita,</strong></span> <span class='ocrx_word' id='word_1_56' title='bbox 1220 1249 1257 1308; x_wconf 90' lang='lat' dir='ltr'><strong>ut</strong></span> <span class='ocrx_word' id='word_1_57' title='bbox 1282 1243 1380 1307; x_wconf 82' lang='lat' dir='ltr'><strong>libra-</strong></span> 
     </span>
     <span class='ocr_line' id='line_1_9' title="bbox 279 1339 1379 1431; baseline -0.005 -18"><span class='ocrx_word' id='word_1_58' title='bbox 279 1349 361 1425; x_wconf 87' lang='lat' dir='ltr'><strong>rius,</strong></span> <span class='ocrx_word' id='word_1_59' title='bbox 383 1348 437 1430; x_wconf 90' lang='lat' dir='ltr'><strong>qui</strong></span> <span class='ocrx_word' id='word_1_60' title='bbox 457 1347 664 1431; x_wconf 82' lang='lat' dir='ltr'><strong>archetypum</strong></span> <span class='ocrx_word' id='word_1_61' title='bbox 687 1349 838 1426; x_wconf 82' lang='lat' dir='ltr'><strong>exaravit,</strong></span> <span class='ocrx_word' id='word_1_62' title='bbox 861 1339 999 1430; x_wconf 84' lang='lat' dir='ltr'><strong>primurn</strong></span> <span class='ocrx_word' id='word_1_63' title='bbox 1021 1347 1171 1412; x_wconf 83' lang='lat' dir='ltr'><strong>scriberet</strong></span> <span class='ocrx_word' id='word_1_64' title='bbox 1194 1340 1379 1422; x_wconf 79' lang='grc' dir='ltr'><em>ονόστολον,</em></span> 
     </span>
    </p>
   </div>
   <div class='ocr_carea' id='block_1_3' title="bbox 278 1467 1379 1602">
    <p class='ocr_par' dir='ltr' id='par_1_5' title="bbox 278 1467 1379 1602">
     <span class='ocr_line' id='line_1_10' title="bbox 278 1467 1379 1602; baseline -0.003 -19"><span class='ocrx_word' id='word_1_65' title='bbox 278 1525 345 1583; x_wconf 91' lang='lat' dir='ltr'><strong>tum</strong></span> <span class='ocrx_word' id='word_1_66' title='bbox 369 1539 507 1582; x_wconf 80' lang='lat' dir='ltr'><strong>errorem</strong></span> <span class='ocrx_word' id='word_1_67' title='bbox 530 1539 620 1581; x_wconf 88' lang='lat' dir='ltr'><strong>suum</strong></span> <span class='ocrx_word' id='word_1_68' title='bbox 641 1519 896 1584; x_wconf 81' lang='lat' dir='ltr'><strong>animadvertens</strong></span> <span class='ocrx_word' id='word_1_69' title='bbox 916 1543 941 1601; x_wconf 81' lang='grc' dir='ltr'><strong><em>μ</em></strong></span> <span class='ocrx_word' id='word_1_70' title='bbox 957 1518 1220 1602; x_wconf 88' lang='lat' dir='ltr'><strong>superscriberet:</strong></span> <span class='ocrx_word' id='word_1_71' title='bbox 1241 1467 1379 1581; x_wconf 62' lang='lat' dir='ltr'><strong>iidem·-</strong></span> 
     </span>
    </p>
   </div>
   <div class='ocr_carea' id='block_1_4' title="bbox 278 1616 1380 3629">
    <p class='ocr_par' dir='ltr' id='par_1_6' title="bbox 279 1616 1350 1702">
     <span class='ocr_line' id='line_1_11' title="bbox 279 1616 1350 1702; baseline -0.003 -18"><span class='ocrx_word' id='word_1_72' title='bbox 279 1621 344 1698; x_wconf 83' lang='grc' dir='ltr'><em>λον,</em></span> <span class='ocrx_word' id='word_1_73' title='bbox 369 1619 453 1701; x_wconf 89' lang='lat' dir='ltr'><strong>quod</strong></span> <span class='ocrx_word' id='word_1_74' title='bbox 476 1621 596 1702; x_wconf 90' lang='lat' dir='ltr'><strong>primus</strong></span> <span class='ocrx_word' id='word_1_75' title='bbox 618 1621 712 1684; x_wconf 90' lang='lat' dir='ltr'><strong>Laur.</strong></span> <span class='ocrx_word' id='word_1_76' title='bbox 735 1620 884 1686; x_wconf 89' lang='lat' dir='ltr'><strong>librarius</strong></span> <span class='ocrx_word' id='word_1_77' title='bbox 906 1616 1107 1702; x_wconf 78' lang='grc' dir='ltr'><em>μονόστολον</em></span> <span class='ocrx_word' id='word_1_78' title='bbox 1130 1625 1197 1684; x_wconf 73' lang='lat' dir='ltr'><strong>es&#39;se</strong></span> <span class='ocrx_word' id='word_1_79' title='bbox 1218 1619 1350 1702; x_wconf 82' lang='lat' dir='ltr'><strong>putarit.</strong></span> 
     </span>
    </p>

    <p class='ocr_par' dir='ltr' id='par_1_7' title="bbox 278 1719 1379 3027">
     <span class='ocr_line' id='line_1_12' title="bbox 365 1719 1378 1806; baseline -0.003 -20"><span class='ocrx_word' id='word_1_80' title='bbox 365 1722 401 1786; x_wconf 89' lang='lat' dir='ltr'><strong>O.</strong></span> <span class='ocrx_word' id='word_1_81' title='bbox 423 1721 459 1784; x_wconf 87' lang='lat' dir='ltr'><strong>R.</strong></span> <span class='ocrx_word' id='word_1_82' title='bbox 482 1745 510 1786; x_wconf 81' lang='lat' dir='ltr'><strong>v.</strong></span> <span class='ocrx_word' id='word_1_83' title='bbox 532 1719 593 1785; x_wconf 79' lang='lat'><strong>957</strong></span> <span class='ocrx_word' id='word_1_84' title='bbox 624 1742 731 1786; x_wconf 88' lang='lat' dir='ltr'><strong>omnes</strong></span> <span class='ocrx_word' id='word_1_85' title='bbox 758 1723 823 1787; x_wconf 88' lang='lat' dir='ltr'><strong>fere</strong></span> <span class='ocrx_word' id='word_1_86' title='bbox 844 1723 1031 1806; x_wconf 84' lang='lat' dir='ltr'><strong>interpretes</strong></span> <span class='ocrx_word' id='word_1_87' title='bbox 1055 1721 1150 1786; x_wconf 90' lang='lat' dir='ltr'><strong>Laur.</strong></span> <span class='ocrx_word' id='word_1_88' title='bbox 1174 1722 1273 1786; x_wconf 87' lang='lat' dir='ltr'><strong>secuti</strong></span> <span class='ocrx_word' id='word_1_89' title='bbox 1295 1726 1378 1798; x_wconf 87' lang='lat' dir='ltr'><strong>suut,</strong></span> 
     </span>
     <span class='ocr_line' id='line_1_13' title="bbox 279 1817 1379 1912; baseline -0.001 -25"><span class='ocrx_word' id='word_1_90' title='bbox 279 1823 466 1889; x_wconf 80' lang='lat' dir='ltr'><strong>scribentes:</strong></span> <span class='ocrx_word' id='word_1_91' title='bbox 495 1817 592 1900; x_wconf 79' lang='grc' dir='ltr'><em>οὗτός</em></span> <span class='ocrx_word' id='word_1_92' title='bbox 612 1846 670 1905; x_wconf 81' lang='grc' dir='ltr'><strong>μοι</strong></span> <span class='ocrx_word' id='word_1_93' title='bbox 694 1821 733 1887; x_wconf 83' lang='grc' dir='ltr'><strong>οὺ</strong></span> <span class='ocrx_word' id='word_1_94' title='bbox 763 1821 907 1912; x_wconf 83' lang='grc' dir='ltr'><em>σημήνας</em></span> <span class='ocrx_word' id='word_1_95' title='bbox 935 1827 1038 1908; x_wconf 78' lang='grc' dir='ltr'><em>γενοῦ.</em></span> <span class='ocrx_word' id='word_1_96' title='bbox 1082 1823 1244 1889; x_wconf 87' lang='lat' dir='ltr'><strong>Nauckius</strong></span> <span class='ocrx_word' id='word_1_97' title='bbox 1272 1829 1379 1887; x_wconf 91' lang='lat' dir='ltr'><strong>autem</strong></span> 
     </span>
     <span class='ocr_line' id='line_1_14' title="bbox 280 1911 1379 2011; baseline 0 -22"><span class='ocrx_word' id='word_1_98' title='bbox 280 1911 418 2008; x_wconf 85' lang='lat' dir='ltr'><strong>praefert</strong></span> <span class='ocrx_word' id='word_1_99' title='bbox 441 1925 622 2003; x_wconf 87' lang='lat' dir='ltr'><strong>lectionem,</strong></span> <span class='ocrx_word' id='word_1_100' title='bbox 652 1947 748 2007; x_wconf 90' lang='lat' dir='ltr'><strong>quam</strong></span> <span class='ocrx_word' id='word_1_101' title='bbox 770 1927 800 1991; x_wconf 86' lang='lat' dir='ltr'><strong>S.</strong></span> <span class='ocrx_word' id='word_1_102' title='bbox 824 1928 993 2009; x_wconf 82' lang='lat' dir='ltr'><strong>adscripsit</strong></span> <span class='ocrx_word' id='word_1_103' title='bbox 1013 1947 1059 2011; x_wconf 92' lang='grc' dir='ltr'><strong>γρ.</strong></span> <span class='ocrx_word' id='word_1_104' title='bbox 1084 1920 1273 2011; x_wconf 81' lang='grc' dir='ltr'><em>σημάννωρ,</em></span> <span class='ocrx_word' id='word_1_105' title='bbox 1297 1946 1379 2006; x_wconf 89' lang='lat' dir='ltr'><strong>quae</strong></span> 
     </span>
     <span class='ocr_line' id='line_1_15' title="bbox 278 2027 1379 2114; baseline -0.002 -23"><span class='ocrx_word' id='word_1_106' title='bbox 278 2034 345 2092; x_wconf 89' lang='lat' dir='ltr'><strong>tam</strong></span> <span class='ocrx_word' id='word_1_107' title='bbox 367 2027 524 2108; x_wconf 87' lang='lat' dir='ltr'><strong>exquisita</strong></span> <span class='ocrx_word' id='word_1_108' title='bbox 546 2031 602 2104; x_wconf 90' lang='lat' dir='ltr'><strong>est,</strong></span> <span class='ocrx_word' id='word_1_109' title='bbox 624 2033 660 2091; x_wconf 91' lang='lat' dir='ltr'><strong>ut</strong></span> <span class='ocrx_word' id='word_1_110' title='bbox 681 2029 733 2091; x_wconf 81' lang='lat' dir='ltr'><strong>vix</strong></span> <span class='ocrx_word' id='word_1_111' title='bbox 757 2030 937 2114; x_wconf 77' lang='lat' dir='ltr'><strong>coniectura</strong></span> <span class='ocrx_word' id='word_1_112' title='bbox 959 2028 1158 2112; x_wconf 82' lang='lat' dir='ltr'><strong>grammatici</strong></span> <span class='ocrx_word' id='word_1_113' title='bbox 1180 2049 1248 2091; x_wconf 88' lang='lat' dir='ltr'><strong>esse</strong></span> <span class='ocrx_word' id='word_1_114' title='bbox 1270 2029 1379 2110; x_wconf 88' lang='lat' dir='ltr'><strong>possit.</strong></span> 
     </span>
     <span class='ocr_line' id='line_1_16' title="bbox 279 2124 1379 2215; baseline 0 -23"><span class='ocrx_word' id='word_1_115' title='bbox 279 2127 420 2206; x_wconf 85' lang='lat' dir='ltr'><strong>Accedit,</strong></span> <span class='ocrx_word' id='word_1_116' title='bbox 442 2129 528 2210; x_wconf 88' lang='lat' dir='ltr'><strong>quod</strong></span> <span class='ocrx_word' id='word_1_117' title='bbox 549 2127 635 2192; x_wconf 87' lang='lat' dir='ltr'><strong>haud</strong></span> <span class='ocrx_word' id='word_1_118' title='bbox 657 2129 795 2212; x_wconf 81' lang='lat' dir='ltr'><strong>vulgaris</strong></span> <span class='ocrx_word' id='word_1_119' title='bbox 817 2132 942 2196; x_wconf 88' lang='lat' dir='ltr'><strong>dicendi</strong></span> <span class='ocrx_word' id='word_1_120' title='bbox 963 2152 1039 2195; x_wconf 88' lang='lat' dir='ltr'><strong>usus</strong></span> <span class='ocrx_word' id='word_1_121' title='bbox 1062 2124 1206 2215; x_wconf 82' lang='grc' dir='ltr'><em>σημήνας</em></span> <span class='ocrx_word' id='word_1_122' title='bbox 1216 2131 1310 2211; x_wconf 81' lang='grc' dir='ltr'><em>γενοῦ</em></span> <span class='ocrx_word' id='word_1_123' title='bbox 1333 2129 1379 2192; x_wconf 89' lang='lat' dir='ltr'><strong>cf-</strong></span> 
     </span>
     <span class='ocr_line' id='line_1_17' title="bbox 278 2229 1379 2332; baseline -0.001 -37"><span class='ocrx_word' id='word_1_124' title='bbox 278 2229 396 2308; x_wconf 80' lang='lat' dir='ltr'><strong>senuit,</strong></span> <span class='ocrx_word' id='word_1_125' title='bbox 429 2251 522 2332; x_wconf 71' lang='lat' dir='ltr'><strong>quem</strong></span> <span class='ocrx_word' id='word_1_126' title='bbox 542 2232 729 2314; x_wconf 88' lang='lat' dir='ltr'><strong>interpretes</strong></span> <span class='ocrx_word' id='word_1_127' title='bbox 752 2233 910 2316; x_wconf 86' lang='lat' dir='ltr'><strong>explicare</strong></span> <span class='ocrx_word' id='word_1_128' title='bbox 931 2234 1038 2298; x_wconf 88' lang='lat' dir='ltr'><strong>eonati</strong></span> <span class='ocrx_word' id='word_1_129' title='bbox 1060 2238 1133 2296; x_wconf 89' lang='lat' dir='ltr'><strong>sunt</strong></span> <span class='ocrx_word' id='word_1_130' title='bbox 1154 2230 1247 2308; x_wconf 87' lang='lat' dir='ltr'><strong>locis,</strong></span> <span class='ocrx_word' id='word_1_131' title='bbox 1270 2231 1379 2312; x_wconf 88' lang='lat' dir='ltr'><strong>quales</strong></span> 
     </span>
     <span class='ocr_line' id='line_1_18' title="bbox 279 2327 1378 2421; baseline -0.002 -25"><span class='ocrx_word' id='word_1_132' title='bbox 279 2339 369 2396; x_wconf 86' lang='lat' dir='ltr'><strong>sunt:</strong></span> <span class='ocrx_word' id='word_1_133' title='bbox 407 2332 455 2395; x_wconf 70' lang='grc' dir='ltr'><strong>Αἱ.</strong></span> <span class='ocrx_word' id='word_1_134' title='bbox 477 2356 505 2396; x_wconf 82' lang='lat' dir='ltr'><strong>v.</strong></span> <span class='ocrx_word' id='word_1_135' title='bbox 528 2332 591 2396; x_wconf 83' lang='lat'><strong>588</strong></span> <span class='ocrx_word' id='word_1_136' title='bbox 620 2329 664 2418; x_wconf 81' lang='grc' dir='ltr'><strong>μὴ</strong></span> <span class='ocrx_word' id='word_1_137' title='bbox 688 2328 831 2419; x_wconf 60' lang='lat' dir='ltr'><strong>repedetis</strong></span> <span class='ocrx_word' id='word_1_138' title='bbox 853 2328 938 2420; x_wconf 80' lang='grc' dir='ltr'><em>ἡμᾶς</em></span> <span class='ocrx_word' id='word_1_139' title='bbox 959 2333 1051 2421; x_wconf 73' lang='grc' dir='ltr'><strong>γένῃ,Ι</strong></span> <span class='ocrx_word' id='word_1_140' title='bbox 1088 2333 1169 2397; x_wconf 85' lang='lat' dir='ltr'><strong>Phil.</strong></span> <span class='ocrx_word' id='word_1_141' title='bbox 1192 2355 1220 2397; x_wconf 88' lang='lat' dir='ltr'><strong>v.</strong></span> <span class='ocrx_word' id='word_1_142' title='bbox 1245 2332 1308 2395; x_wconf 79' lang='grc'><strong>772</strong></span> <span class='ocrx_word' id='word_1_143' title='bbox 1334 2327 1378 2418; x_wconf 78' lang='grc' dir='ltr'><strong>μὴ</strong></span> 
     </span>
     <span class='ocr_line' id='line_1_19' title="bbox 279 2428 1376 2522; baseline 0.001 -26"><span class='ocrx_word' id='word_1_144' title='bbox 279 2429 397 2498; x_wconf 80' lang='grc' dir='ltr'><em>σαυτόν</em></span> <span class='ocrx_word' id='word_1_145' title='bbox 421 2471 460 2480; x_wconf 37' lang='grc' dir='ltr'><strong>-ν</strong></span> <span class='ocrx_word' id='word_1_146' title='bbox 483 2430 611 2511; x_wconf 82' lang='grc' dir='ltr'><em>κτείνας</em></span> <span class='ocrx_word' id='word_1_147' title='bbox 632 2432 723 2522; x_wconf 79' lang='grc' dir='ltr'><strong>γένῃ,·</strong></span> <span class='ocrx_word' id='word_1_148' title='bbox 744 2435 825 2498; x_wconf 73' lang='lat' dir='ltr'><strong>Plau</strong></span> <span class='ocrx_word' id='word_1_149' title='bbox 848 2435 943 2516; x_wconf 84' lang='lat' dir='ltr'><strong>Soph.</strong></span> <span class='ocrx_word' id='word_1_150' title='bbox 967 2457 997 2518; x_wconf 91' lang='lat' dir='ltr'><strong>p.</strong></span> <span class='ocrx_word' id='word_1_151' title='bbox 1015 2434 1076 2498; x_wconf 79' lang='grc'><strong>217</strong></span> <span class='ocrx_word' id='word_1_152' title='bbox 1094 2434 1127 2498; x_wconf 83' lang='lat' dir='ltr'><strong>G.</strong></span> <span class='ocrx_word' id='word_1_153' title='bbox 1145 2431 1190 2520; x_wconf 79' lang='grc' dir='ltr'><strong>μὴ</strong></span> <span class='ocrx_word' id='word_1_154' title='bbox 1213 2428 1321 2498; x_wconf 81' lang='grc' dir='ltr'><em>τοίνυν</em></span> <span class='ocrx_word' id='word_1_155' title='bbox 1337 2471 1376 2482; x_wconf 86' lang='grc'><em>-</em></span> 
     </span>
     <span class='ocr_line' id='line_1_20' title="bbox 278 2529 1379 2622; baseline 0.001 -23"><span class='ocrx_word' id='word_1_156' title='bbox 278 2529 488 2621; x_wconf 57' lang='lat' dir='ltr'><strong>assequerer</strong></span> <span class='ocrx_word' id='word_1_157' title='bbox 516 2534 598 2622; x_wconf 76' lang='grc' dir='ltr'><em>γένῃ.</em></span> <span class='ocrx_word' id='word_1_158' title='bbox 644 2536 706 2601; x_wconf 88' lang='lat' dir='ltr'><strong>Sed</strong></span> <span class='ocrx_word' id='word_1_159' title='bbox 734 2541 819 2600; x_wconf 90' lang='lat' dir='ltr'><strong>recte</strong></span> <span class='ocrx_word' id='word_1_160' title='bbox 847 2537 1088 2601; x_wconf 87' lang='lat' dir='ltr'><strong>Bellermauuus</strong></span> <span class='ocrx_word' id='word_1_161' title='bbox 1109 2540 1134 2621; x_wconf 90' lang='lat'><strong>¹)</strong></span> <span class='ocrx_word' id='word_1_162' title='bbox 1156 2537 1293 2613; x_wconf 87' lang='lat' dir='ltr'><strong>monuit,</strong></span> <span class='ocrx_word' id='word_1_163' title='bbox 1316 2535 1379 2600; x_wconf 87' lang='lat' dir='ltr'><strong>iilis</strong></span> 
     </span>
     <span class='ocr_line' id='line_1_21' title="bbox 278 2637 1378 2726; baseline 0 -24"><span class='ocrx_word' id='word_1_164' title='bbox 278 2639 356 2702; x_wconf 89' lang='lat' dir='ltr'><strong>locis</strong></span> <span class='ocrx_word' id='word_1_165' title='bbox 377 2637 474 2702; x_wconf 89' lang='lat' dir='ltr'><strong>verba</strong></span> <span class='ocrx_word' id='word_1_166' title='bbox 496 2639 631 2702; x_wconf 87' lang='lat' dir='ltr'><strong>vetantis</strong></span> <span class='ocrx_word' id='word_1_167' title='bbox 655 2659 732 2716; x_wconf 88' lang='lat' dir='ltr'><strong>esse,</strong></span> <span class='ocrx_word' id='word_1_168' title='bbox 755 2660 819 2702; x_wconf 89' lang='lat' dir='ltr'><strong>non</strong></span> <span class='ocrx_word' id='word_1_169' title='bbox 841 2644 877 2726; x_wconf 88' lang='lat' dir='ltr'><strong>ut</strong></span> <span class='ocrx_word' id='word_1_170' title='bbox 898 2644 1007 2703; x_wconf 86' lang='lat' dir='ltr'><strong>nostro</strong></span> <span class='ocrx_word' id='word_1_171' title='bbox 1029 2638 1176 2715; x_wconf 70' lang='lat' dir='ltr'><strong>iubentis</strong></span> <span class='ocrx_word' id='word_1_172' title='bbox 1199 2639 1287 2703; x_wconf 91' lang='lat' dir='ltr'><strong>cuius</strong></span> <span class='ocrx_word' id='word_1_173' title='bbox 1302 2659 1378 2702; x_wconf 87' lang='lat' dir='ltr'><strong>usus</strong></span> 
     </span>
     <span class='ocr_line' id='line_1_22' title="bbox 279 2739 1379 2823; baseline -0.002 -18"><span class='ocrx_word' id='word_1_174' title='bbox 279 2739 424 2821; x_wconf 86' lang='lat' dir='ltr'><strong>exempla</strong></span> <span class='ocrx_word' id='word_1_175' title='bbox 446 2744 570 2805; x_wconf 88' lang='lat' dir='ltr'><strong>exstare</strong></span> <span class='ocrx_word' id='word_1_176' title='bbox 600 2747 695 2823; x_wconf 82' lang='lat' dir='ltr'><strong>negat</strong></span> <span class='ocrx_word' id='word_1_177' title='bbox 715 2739 897 2818; x_wconf 73' lang='lat' dir='ltr'><strong>Nanctum,</strong></span> <span class='ocrx_word' id='word_1_178' title='bbox 934 2761 1035 2822; x_wconf 85' lang='lat' dir='ltr'><strong>neque</strong></span> <span class='ocrx_word' id='word_1_179' title='bbox 1064 2740 1209 2822; x_wconf 91' lang='lat' dir='ltr'><strong>equidem</strong></span> <span class='ocrx_word' id='word_1_180' title='bbox 1238 2741 1379 2804; x_wconf 81' lang='lat' dir='ltr'><strong>invenire</strong></span> 
     </span>
     <span class='ocr_line' id='line_1_23' title="bbox 278 2829 1379 2924; baseline 0.001 -19"><span class='ocrx_word' id='word_1_181' title='bbox 278 2842 390 2924; x_wconf 84' lang='lat' dir='ltr'><strong>potui,</strong></span> <span class='ocrx_word' id='word_1_182' title='bbox 428 2863 491 2922; x_wconf 91' lang='lat' dir='ltr'><strong>qua</strong></span> <span class='ocrx_word' id='word_1_183' title='bbox 520 2863 555 2905; x_wconf 90' lang='lat' dir='ltr'><strong>re</strong></span> <span class='ocrx_word' id='word_1_184' title='bbox 591 2846 624 2906; x_wconf 90' lang='lat' dir='ltr'><strong>et</strong></span> <span class='ocrx_word' id='word_1_185' title='bbox 651 2829 729 2906; x_wconf 89' lang='lat' dir='ltr'><strong>mihi</strong></span> <span class='ocrx_word' id='word_1_186' title='bbox 758 2841 965 2924; x_wconf 87' lang='lat' dir='ltr'><strong>praeferenda</strong></span> <span class='ocrx_word' id='word_1_187' title='bbox 999 2842 1124 2907; x_wconf 87' lang='lat' dir='ltr'><strong>videtur</strong></span> <span class='ocrx_word' id='word_1_188' title='bbox 1160 2843 1248 2907; x_wconf 90' lang='lat' dir='ltr'><strong>varia</strong></span> <span class='ocrx_word' id='word_1_189' title='bbox 1284 2843 1379 2907; x_wconf 86' lang='lat' dir='ltr'><strong>lectio</strong></span> 
     </span>
     <span class='ocr_line' id='line_1_24' title="bbox 279 2937 458 3027; baseline -0.011 -23"><span class='ocrx_word' id='word_1_190' title='bbox 279 2937 458 3027; x_wconf 80' lang='grc' dir='ltr'><strong>ονγμάννωρ.</strong></span> 
     </span>
    </p>

    <p class='ocr_par' dir='ltr' id='par_1_8' title="bbox 278 3031 1380 3629">
     <span class='ocr_line' id='line_1_25' title="bbox 365 3031 1378 3130; baseline -0.002 -24"><span class='ocrx_word' id='word_1_191' title='bbox 365 3042 400 3106; x_wconf 89' lang='lat' dir='ltr'><strong>O.</strong></span> <span class='ocrx_word' id='word_1_192' title='bbox 424 3041 457 3105; x_wconf 82' lang='lat' dir='ltr'><strong>C.</strong></span> <span class='ocrx_word' id='word_1_193' title='bbox 480 3065 507 3105; x_wconf 90' lang='lat' dir='ltr'><strong>v.</strong></span> <span class='ocrx_word' id='word_1_194' title='bbox 534 3041 594 3105; x_wconf 80' lang='lat'><strong>195</strong></span> <span class='ocrx_word' id='word_1_195' title='bbox 617 3063 665 3124; x_wconf 90' lang='lat' dir='ltr'><strong>pr.</strong></span> <span class='ocrx_word' id='word_1_196' title='bbox 687 3065 728 3104; x_wconf 90' lang='lat' dir='ltr'><strong>m.</strong></span> <span class='ocrx_word' id='word_1_197' title='bbox 758 3031 778 3128; x_wconf 77' lang='grc' dir='ltr'><strong><em>ἦ</em></strong></span> <span class='ocrx_word' id='word_1_198' title='bbox 805 3037 907 3122; x_wconf 49' lang='lat' dir='ltr'><strong>&#39;odiu</strong></span> <span class='ocrx_word' id='word_1_199' title='bbox 945 3066 991 3127; x_wconf 91' lang='grc' dir='ltr'><strong>γρ.</strong></span> <span class='ocrx_word' id='word_1_200' title='bbox 1015 3039 1105 3130; x_wconf 65' lang='lat' dir='ltr'><strong>ricard</strong></span> <span class='ocrx_word' id='word_1_201' title='bbox 1127 3035 1147 3108; x_wconf 80' lang='lat' dir='ltr'><strong>ii</strong></span> <span class='ocrx_word' id='word_1_202' title='bbox 1169 3041 1225 3108; x_wconf 79' lang='grc' dir='ltr'><strong>καὶ</strong></span> <span class='ocrx_word' id='word_1_203' title='bbox 1247 3041 1378 3127; x_wconf 76' lang='grc' dir='ltr'><em>βέλτιον</em></span> 
     </span>
     <span class='ocr_line' id='line_1_26' title="bbox 279 3142 1380 3212; baseline 0.001 -3"><span class='ocrx_word' id='word_1_204' title='bbox 279 3145 319 3209; x_wconf 89' lang='lat' dir='ltr'><strong>ab</strong></span> <span class='ocrx_word' id='word_1_205' title='bbox 342 3144 371 3208; x_wconf 86' lang='lat' dir='ltr'><strong>S.</strong></span> <span class='ocrx_word' id='word_1_206' title='bbox 416 3143 503 3208; x_wconf 90' lang='lat' dir='ltr'><strong>Haec</strong></span> <span class='ocrx_word' id='word_1_207' title='bbox 530 3142 627 3206; x_wconf 83' lang='lat' dir='ltr'><strong>verba</strong></span> <span class='ocrx_word' id='word_1_208' title='bbox 653 3144 861 3208; x_wconf 88' lang='lat' dir='ltr'><strong>multifariam</strong></span> <span class='ocrx_word' id='word_1_209' title='bbox 892 3166 912 3208; x_wconf 91' lang='lat' dir='ltr'><strong>a</strong></span> <span class='ocrx_word' id='word_1_210' title='bbox 940 3147 1014 3209; x_wconf 87' lang='lat' dir='ltr'><strong>viris</strong></span> <span class='ocrx_word' id='word_1_211' title='bbox 1042 3147 1159 3212; x_wconf 89' lang='lat' dir='ltr'><strong>criticis</strong></span> <span class='ocrx_word' id='word_1_212' title='bbox 1181 3154 1256 3211; x_wconf 88' lang='lat' dir='ltr'><strong>suut</strong></span> <span class='ocrx_word' id='word_1_213' title='bbox 1275 3152 1380 3210; x_wconf 89' lang='lat' dir='ltr'><strong>tenta·</strong></span> 
     </span>
     <span class='ocr_line' id='line_1_27' title="bbox 278 3245 1380 3331; baseline 0.003 -20"><span class='ocrx_word' id='word_1_214' title='bbox 278 3253 321 3311; x_wconf 84' lang='lat' dir='ltr'><strong>ta.</strong></span> <span class='ocrx_word' id='word_1_215' title='bbox 366 3247 507 3328; x_wconf 86' lang='lat' dir='ltr'><strong>Apparet</strong></span> <span class='ocrx_word' id='word_1_216' title='bbox 530 3245 622 3323; x_wconf 89' lang='lat' dir='ltr'><strong>enim,</strong></span> <span class='ocrx_word' id='word_1_217' title='bbox 647 3267 727 3327; x_wconf 90' lang='lat' dir='ltr'><strong>quae</strong></span> <span class='ocrx_word' id='word_1_218' title='bbox 750 3267 770 3310; x_wconf 89' lang='lat' dir='ltr'><strong>a</strong></span> <span class='ocrx_word' id='word_1_219' title='bbox 792 3268 832 3310; x_wconf 88' lang='lat' dir='ltr'><strong>m.</strong></span> <span class='ocrx_word' id='word_1_220' title='bbox 844 3267 891 3329; x_wconf 89' lang='lat' dir='ltr'><strong>pr.</strong></span> <span class='ocrx_word' id='word_1_221' title='bbox 916 3248 1034 3331; x_wconf 90' lang='lat' dir='ltr'><strong>scripta</strong></span> <span class='ocrx_word' id='word_1_222' title='bbox 1056 3255 1138 3325; x_wconf 89' lang='lat' dir='ltr'><strong>sunt,</strong></span> <span class='ocrx_word' id='word_1_223' title='bbox 1162 3271 1288 3313; x_wconf 89' lang='lat' dir='ltr'><strong>sensum</strong></span> <span class='ocrx_word' id='word_1_224' title='bbox 1310 3249 1380 3329; x_wconf 88' lang='lat' dir='ltr'><strong>qui-</strong></span> 
     </span>
     <span class='ocr_line' id='line_1_28' title="bbox 280 3345 1379 3432; baseline 0.002 -20"><span class='ocrx_word' id='word_1_225' title='bbox 280 3349 350 3412; x_wconf 89' lang='lat' dir='ltr'><strong>dem</strong></span> <span class='ocrx_word' id='word_1_226' title='bbox 373 3348 526 3430; x_wconf 90' lang='lat' dir='ltr'><strong>optimum</strong></span> <span class='ocrx_word' id='word_1_227' title='bbox 546 3347 714 3430; x_wconf 88' lang='lat' dir='ltr'><strong>praebere,</strong></span> <span class='ocrx_word' id='word_1_228' title='bbox 744 3348 799 3413; x_wconf 87' lang='lat' dir='ltr'><strong>sed</strong></span> <span class='ocrx_word' id='word_1_229' title='bbox 822 3348 864 3428; x_wconf 75' lang='lat' dir='ltr'><strong>cb¹</strong></span> <span class='ocrx_word' id='word_1_230' title='bbox 883 3349 985 3430; x_wconf 89' lang='lat' dir='ltr'><strong>ipsam</strong></span> <span class='ocrx_word' id='word_1_231' title='bbox 1006 3349 1140 3414; x_wconf 81' lang='lat' dir='ltr'><strong>formam</strong></span> <span class='ocrx_word' id='word_1_232' title='bbox 1163 3345 1272 3429; x_wconf 69' lang='lat' dir='ltr'><strong>iudai,</strong></span> <span class='ocrx_word' id='word_1_233' title='bbox 1298 3371 1379 3432; x_wconf 88' lang='lat' dir='ltr'><strong>quae</strong></span> 
     </span>
     <span class='ocr_line' id='line_1_29' title="bbox 279 3449 1378 3534; baseline -0.001 -19"><span class='ocrx_word' id='word_1_234' title='bbox 279 3450 364 3533; x_wconf 87' lang='lat' dir='ltr'><strong>apud</strong></span> <span class='ocrx_word' id='word_1_235' title='bbox 386 3449 531 3514; x_wconf 87' lang='lat' dir='ltr'><strong>meliores</strong></span> <span class='ocrx_word' id='word_1_236' title='bbox 554 3450 723 3532; x_wconf 88' lang='lat' dir='ltr'><strong>scriptores</strong></span> <span class='ocrx_word' id='word_1_237' title='bbox 744 3471 808 3514; x_wconf 91' lang='lat' dir='ltr'><strong>non</strong></span> <span class='ocrx_word' id='word_1_238' title='bbox 830 3450 997 3528; x_wconf 83' lang='lat' dir='ltr'><strong>invenitur,</strong></span> <span class='ocrx_word' id='word_1_239' title='bbox 1019 3451 1111 3516; x_wconf 84' lang='lat' dir='ltr'><strong>valde</strong></span> <span class='ocrx_word' id='word_1_240' title='bbox 1133 3475 1200 3518; x_wconf 85' lang='lat' dir='ltr'><strong>esse</strong></span> <span class='ocrx_word' id='word_1_241' title='bbox 1222 3457 1378 3534; x_wconf 89' lang='lat' dir='ltr'><strong>suspecta.</strong></span> 
     </span>
     <span class='ocr_line' id='line_1_30' title="bbox 281 3551 1380 3629; baseline 0.001 -13"><span class='ocrx_word' id='word_1_242' title='bbox 281 3553 384 3629; x_wconf 83' lang='lat' dir='ltr'><strong>Quare</strong></span> <span class='ocrx_word' id='word_1_243' title='bbox 413 3552 516 3615; x_wconf 88' lang='lat' dir='ltr'><strong>adhuc</strong></span> <span class='ocrx_word' id='word_1_244' title='bbox 545 3551 709 3615; x_wconf 86' lang='lat' dir='ltr'><strong>hominum</strong></span> <span class='ocrx_word' id='word_1_245' title='bbox 738 3551 903 3616; x_wconf 84' lang='lat' dir='ltr'><strong>doctorum</strong></span> <span class='ocrx_word' id='word_1_246' title='bbox 931 3552 969 3617; x_wconf 88' lang='lat' dir='ltr'><strong>de</strong></span> <span class='ocrx_word' id='word_1_247' title='bbox 991 3551 1052 3616; x_wconf 87' lang='lat' dir='ltr'><strong>hcc</strong></span> <span class='ocrx_word' id='word_1_248' title='bbox 1074 3553 1144 3618; x_wconf 87' lang='lat' dir='ltr'><strong>locu</strong></span> <span class='ocrx_word' id='word_1_249' title='bbox 1166 3575 1231 3617; x_wconf 88' lang='lat' dir='ltr'><strong>non</strong></span> <span class='ocrx_word' id='word_1_250' title='bbox 1253 3558 1380 3619; x_wconf 88' lang='lat' dir='ltr'><strong>constat</strong></span> 
     </span>
    </p>
   </div>
   <div class='ocr_carea' id='block_1_5' title="bbox 279 3645 1381 3942">
    <p class='ocr_par' dir='ltr' id='par_1_9' title="bbox 279 3645 1381 3942">
     <span class='ocr_line' id='line_1_31' title="bbox 279 3645 1380 3741; baseline 0 -23"><span class='ocrx_word' id='word_1_251' title='bbox 279 3654 437 3718; x_wconf 87' lang='lat' dir='ltr'><strong>iudicium.</strong></span> <span class='ocrx_word' id='word_1_252' title='bbox 481 3653 611 3718; x_wconf 89' lang='lat' dir='ltr'><strong>Variam</strong></span> <span class='ocrx_word' id='word_1_253' title='bbox 632 3653 816 3731; x_wconf 88' lang='lat' dir='ltr'><strong>lectionem,</strong></span> <span class='ocrx_word' id='word_1_254' title='bbox 855 3674 951 3734; x_wconf 89' lang='lat' dir='ltr'><strong>quam</strong></span> <span class='ocrx_word' id='word_1_255' title='bbox 972 3654 1002 3719; x_wconf 85' lang='lat' dir='ltr'><strong>S.</strong></span> <span class='ocrx_word' id='word_1_256' title='bbox 1026 3655 1195 3738; x_wconf 89' lang='lat' dir='ltr'><strong>adscripsit</strong></span> <span class='ocrx_word' id='word_1_257' title='bbox 1213 3645 1233 3741; x_wconf 80' lang='grc' dir='ltr'><strong><em>ἦ</em></strong></span> <span class='ocrx_word' id='word_1_258' title='bbox 1256 3659 1324 3719; x_wconf 81' lang='grc' dir='ltr'><strong>στῶ</strong></span> <span class='ocrx_word' id='word_1_259' title='bbox 1341 3658 1380 3733; x_wconf 84' lang='lat'><strong>²),</strong></span> 
     </span>
     <span class='ocr_line' id='line_1_32' title="bbox 280 3753 1381 3839; baseline 0 -19"><span class='ocrx_word' id='word_1_260' title='bbox 280 3755 435 3839; x_wconf 85' lang='lat' dir='ltr'><strong>Bergkius</strong></span> <span class='ocrx_word' id='word_1_261' title='bbox 457 3760 488 3818; x_wconf 93' lang='lat' dir='ltr'><strong>et</strong></span> <span class='ocrx_word' id='word_1_262' title='bbox 509 3753 655 3818; x_wconf 88' lang='lat' dir='ltr'><strong>Wolffius</strong></span> <span class='ocrx_word' id='word_1_263' title='bbox 677 3753 867 3836; x_wconf 88' lang='lat' dir='ltr'><strong>probarunt,</strong></span> <span class='ocrx_word' id='word_1_264' title='bbox 889 3754 1050 3822; x_wconf 87' lang='lat' dir='ltr'><strong>Nauckius</strong></span> <span class='ocrx_word' id='word_1_265' title='bbox 1073 3761 1105 3820; x_wconf 93' lang='lat' dir='ltr'><strong>et</strong></span> <span class='ocrx_word' id='word_1_266' title='bbox 1125 3755 1309 3820; x_wconf 87' lang='lat' dir='ltr'><strong>Diudorfius</strong></span> <span class='ocrx_word' id='word_1_267' title='bbox 1331 3777 1381 3820; x_wconf 89' lang='lat' dir='ltr'><strong>re-</strong></span> 
     </span>
     <span class='ocr_line' id='line_1_33' title="bbox 279 3852 1380 3942; baseline 0 -20"><span class='ocrx_word' id='word_1_268' title='bbox 279 3860 429 3924; x_wconf 90' lang='lat' dir='ltr'><strong>iecerunt.</strong></span> <span class='ocrx_word' id='word_1_269' title='bbox 474 3855 535 3921; x_wconf 86' lang='lat' dir='ltr'><strong>Sed</strong></span> <span class='ocrx_word' id='word_1_270' title='bbox 556 3856 634 3920; x_wconf 90' lang='lat' dir='ltr'><strong>mihi</strong></span> <span class='ocrx_word' id='word_1_271' title='bbox 656 3877 796 3939; x_wconf 86' lang='lat' dir='ltr'><strong>quoque,</strong></span> <span class='ocrx_word' id='word_1_272' title='bbox 827 3877 899 3920; x_wconf 91' lang='lat' dir='ltr'><strong>cum</strong></span> <span class='ocrx_word' id='word_1_273' title='bbox 920 3858 1023 3922; x_wconf 87' lang='lat' dir='ltr'><strong>forma</strong></span> <span class='ocrx_word' id='word_1_274' title='bbox 1045 3852 1138 3922; x_wconf 79' lang='grc' dir='ltr'><em>ἓοθῶ</em></span> <span class='ocrx_word' id='word_1_275' title='bbox 1160 3864 1307 3942; x_wconf 87' lang='lat' dir='ltr'><strong>suspecta</strong></span> <span class='ocrx_word' id='word_1_276' title='bbox 1329 3859 1380 3934; x_wconf 87' lang='lat' dir='ltr'><strong>sit,</strong></span> 
     </span>
    </p>
   </div>
   <div class='ocr_carea' id='block_1_6' title="bbox 282 3993 486 4002">
    <p class='ocr_par' dir='ltr' id='par_1_10' title="bbox 282 3993 486 4002">
     <span class='ocr_line' id='line_1_34' title="bbox 282 3993 486 4002; baseline 0.005 -1"><span class='ocrx_word' id='word_1_277' title='bbox 282 3993 486 4002; x_wconf 47' lang='lat' dir='ltr'><strong>——w</strong></span> 
     </span>
    </p>
   </div>
   <div class='ocr_carea' id='block_1_7' title="bbox 281 4059 1381 4389">
    <p class='ocr_par' dir='ltr' id='par_1_11' title="bbox 352 4059 888 4128">
     <span class='ocr_line' id='line_1_35' title="bbox 352 4059 888 4128; baseline -0.009 -16"><span class='ocrx_word' id='word_1_278' title='bbox 352 4059 372 4125; x_wconf 87' lang='lat'><strong>¹)</strong></span> <span class='ocrx_word' id='word_1_279' title='bbox 406 4060 436 4112; x_wconf 92' lang='lat' dir='ltr'><strong>in</strong></span> <span class='ocrx_word' id='word_1_280' title='bbox 455 4059 583 4128; x_wconf 80' lang='lat' dir='ltr'><strong>editione,</strong></span> <span class='ocrx_word' id='word_1_281' title='bbox 602 4076 671 4128; x_wconf 83' lang='lat' dir='ltr'><strong>quae</strong></span> <span class='ocrx_word' id='word_1_282' title='bbox 688 4059 792 4126; x_wconf 90' lang='lat' dir='ltr'><strong>prodiit</strong></span> <span class='ocrx_word' id='word_1_283' title='bbox 815 4059 888 4111; x_wconf 78' lang='lat'>1857.</span> 
     </span>
    </p>

    <p class='ocr_par' dir='ltr' id='par_1_12' title="bbox 281 4145 1381 4389">
     <span class='ocr_line' id='line_1_36' title="bbox 352 4145 1381 4214; baseline 0 -16"><span class='ocrx_word' id='word_1_284' title='bbox 352 4146 375 4212; x_wconf 77' lang='lat'><strong>2)</strong></span> <span class='ocrx_word' id='word_1_285' title='bbox 411 4163 476 4198; x_wconf 89' lang='lat' dir='ltr'><strong>narn</strong></span> <span class='ocrx_word' id='word_1_286' title='bbox 494 4148 534 4198; x_wconf 88' lang='lat' dir='ltr'><strong>ite</strong></span> <span class='ocrx_word' id='word_1_287' title='bbox 553 4150 647 4214; x_wconf 88' lang='lat' dir='ltr'><strong>aperte</strong></span> <span class='ocrx_word' id='word_1_288' title='bbox 666 4146 840 4200; x_wconf 88' lang='lat' dir='ltr'><strong>scribendum</strong></span> <span class='ocrx_word' id='word_1_289' title='bbox 859 4151 912 4211; x_wconf 83' lang='lat' dir='ltr'><strong>est;</strong></span> <span class='ocrx_word' id='word_1_290' title='bbox 933 4150 960 4198; x_wconf 91' lang='lat' dir='ltr'><strong>et</strong></span> <span class='ocrx_word' id='word_1_291' title='bbox 978 4146 1082 4198; x_wconf 85' lang='lat' dir='ltr'><strong>codicis</strong></span> <span class='ocrx_word' id='word_1_292' title='bbox 1100 4145 1215 4200; x_wconf 88' lang='lat' dir='ltr'><strong>alicuius</strong></span> <span class='ocrx_word' id='word_1_293' title='bbox 1225 4146 1381 4214; x_wconf 89' lang='lat' dir='ltr'><strong>lectionem,</strong></span> 
     </span>
     <span class='ocr_line' id='line_1_37' title="bbox 281 4231 1381 4302; baseline 0.001 -17"><span class='ocrx_word' id='word_1_294' title='bbox 281 4250 336 4285; x_wconf 89' lang='lat' dir='ltr'><strong>nou</strong></span> <span class='ocrx_word' id='word_1_295' title='bbox 347 4231 533 4285; x_wconf 87' lang='lat' dir='ltr'><strong>coniecturam</strong></span> <span class='ocrx_word' id='word_1_296' title='bbox 552 4233 700 4287; x_wconf 83' lang='lat' dir='ltr'><strong>esse&#39;hanc</strong></span> <span class='ocrx_word' id='word_1_297' title='bbox 719 4235 892 4302; x_wconf 80' lang='lat' dir='ltr'><strong>scripturam,</strong></span> <span class='ocrx_word' id='word_1_298' title='bbox 912 4234 967 4285; x_wconf 90' lang='lat' dir='ltr'><strong>iarn</strong></span> <span class='ocrx_word' id='word_1_299' title='bbox 986 4250 1019 4285; x_wconf 84' lang='lat' dir='ltr'><strong>ex</strong></span> <span class='ocrx_word' id='word_1_300' title='bbox 1037 4234 1134 4286; x_wconf 84' lang='lat' dir='ltr'><strong>addito</strong></span> <span class='ocrx_word' id='word_1_301' title='bbox 1147 4235 1321 4302; x_wconf 87' lang='lat' dir='ltr'><strong>grammatici</strong></span> <span class='ocrx_word' id='word_1_302' title='bbox 1340 4234 1381 4286; x_wconf 91' lang='lat' dir='ltr'><strong>iu-</strong></span> 
     </span>
     <span class='ocr_line' id='line_1_38' title="bbox 282 4319 1233 4389; baseline 0 -15"><span class='ocrx_word' id='word_1_303' title='bbox 282 4320 363 4388; x_wconf 82' lang='lat' dir='ltr'><strong>dicio,</strong></span> <span class='ocrx_word' id='word_1_304' title='bbox 383 4320 456 4388; x_wconf 92' lang='lat' dir='ltr'><strong>quod</strong></span> <span class='ocrx_word' id='word_1_305' title='bbox 474 4319 500 4372; x_wconf 87' lang='lat' dir='ltr'><strong>S.</strong></span> <span class='ocrx_word' id='word_1_306' title='bbox 520 4337 575 4372; x_wconf 88' lang='lat' dir='ltr'><strong>una</strong></span> <span class='ocrx_word' id='word_1_307' title='bbox 593 4337 654 4374; x_wconf 91' lang='lat' dir='ltr'><strong>cum</strong></span> <span class='ocrx_word' id='word_1_308' title='bbox 675 4322 751 4374; x_wconf 89' lang='lat' dir='ltr'><strong>varia</strong></span> <span class='ocrx_word' id='word_1_309' title='bbox 769 4321 888 4374; x_wconf 87' lang='lat' dir='ltr'><strong>lectione</strong></span> <span class='ocrx_word' id='word_1_310' title='bbox 907 4321 1090 4389; x_wconf 81' lang='lat' dir='ltr'><strong>transcripsit,</strong></span> <span class='ocrx_word' id='word_1_311' title='bbox 1108 4325 1233 4388; x_wconf 85' lang='lat' dir='ltr'><strong>apparet.</strong></span> 
     </span>
    </p>
   </div>
   <div class='ocr_carea' id='block_1_8' title="bbox 0 0 1546 5124">
    <p class='ocr_par' dir='ltr' id='par_1_13' title="bbox 0 0 1546 5124">
     <span class='ocr_line' id='line_1_39' title="bbox 0 0 1546 5124; baseline 0 0"><span class='ocrx_word' id='word_1_312' title='bbox 0 0 1546 5124; x_wconf 95' lang='lat' dir='ltr'><strong> </strong></span> 
     </span>
    </p>
   </div>
  </div>
 </body>
</html>
