3084 5124
821 407 861 470 14

287 598 421 680 „seculis
442 597 603 682 proximis,
623 601 661 661 ut
681 595 814 681 videtur,
837 595 959 661 duobus
981 598 1046 659 tres
1068 594 1124 659 alii
1147 593 1287 659 codicem
1300 594 1389 660 inva—

287 707 418 781 „seruut
445 704 661 778 correctores,
704 719 837 781 quorum
867 719 980 762 manus
1007 719 1065 762 nec
1095 697 1245 781 distingui
1273 697 1389 780 ubique

288 809 450 886 „possunt
471 823 539 881 nec,
562 803 589 866 si
610 806 748 884 possent,
769 801 865 865 ullius
888 802 1039 865 momenti
1054 800 1145 877 foret,
1170 821 1266 881 quum
1281 821 1389 865 eorum

288 905 518 984 „correctiones
540 905 585 969 ita
607 923 715 967 omnes
737 908 868 986 paratae
891 908 981 981 suut,
1002 907 1161 984 utusque
1182 903 1389 986 archetypum

289 1007 426 1086 „codicis
456 1006 617 1089 exemplar
644 1025 745 1086 neque
772 1005 851 1069 alios
881 1004 978 1069 libros
1002 1006 1195 1087 antiquiores
1217 1005 1257 1070 ab
1280 1005 1318 1068 iis
1340 1005 1390 1068 iu-

263 1115 433 1193 „,spectos
456 1129 536 1186 esse,
565 1107 620 1172 sed
642 1108 748 1172 omnia
769 1109 972 1186 coniecturis,
995 1107 1088 1171 modo
1111 1109 1192 1173 veris
1214 1107 1308 1171 modo
1330 1105 1391 1169 fal-

289 1212 363 1289 ‚‚sis,
386 1210 493 1276 deberi
514 1216 632 1294 pateat,
655 1209 740 1291 quod
761 1211 959 1275 manifestius
981 1210 1077 1275 etiam
1100 1215 1147 1274 est
1169 1211 1202 1273 in
1218 1209 1391 1273 recentium

288 1314 431 1397 „aliquot
451 1334 553 1396 usque
575 1310 617 1376 ad
640 1312 780 1376 seculum
802 1317 925 1378 sextum
946 1312 1101 1377 decimum
1124 1313 1326 1378 librariorum
1340 1310 1392 1374 vel

290 1416 464 1493 „lectorum
486 1414 750 1494 correctionibus,
773 1435 909 1497 quarum
930 1437 1047 1498 paucas
1069 1417 1209 1499 ipsorum
1232 1415 1390 1478 coniectu·

289 1518 353 1596 „ris
381 1517 512 1595 deberi,
549 1516 716 1599 plerasque
746 1537 785 1581 ex
815 1518 1014 1600 interpolatis
1042 1518 1157 1582 codicis
1185 1515 1391 1582 Laurentiani

289 1619 500 1703 „apographis
523 1619 654 1683 haustas
677 1639 753 1695 esse,
776 1620 983 1684 certissimum
998 1620 1108 1684 haberi
1122 1624 1257 1703 potest.“
1300 1617 1392 1682 Hanc

275 1723 479 1788 'sententiam
502 1721 528 1786 si
549 1720 778 1803 amplectimur,
800 1741 838 1784 ex
860 1721 1005 1786 omnibus
1029 1723 1182 1804 angustiis
1198 1722 1324 1787 liberati
1339 1742 1391 1784 su-

290 1845 377 1901 mus,
407 1819 565 1901 attamen,
594 1827 740 1886 nostem
762 1821 848 1887 facili
871 1844 967 1907 opera
988 1824 1072 1888 hanc
1094 1825 1311 1906 quaestionem
1334 1823 1391 1887 ab·

292 1927 411 1990 solvere
432 1946 523 2007 posse
545 1946 610 1989 non
631 1931 717 2007 puto,
740 1931 772 1988 et
793 1944 888 2005 quam
910 1928 1046 1991 maxime
1067 1947 1186 2005 vereor,
1207 1931 1244 1990 ut
1263 1944 1392 2008 prorsus

290 2049 398 2093 verum
419 2027 569 2091 iudicium
590 2026 629 2091 de
651 2028 778 2091 illarum
800 2048 951 2104 manuum
973 2028 1231 2096 annotationibus
1252 2026 1393 2111 protule-

290 2131 332 2194 rit
353 2131 401 2193 vir
423 2128 630 2193 doctissimus.
674 2129 716 2193 Et
738 2150 930 2212 quamquam
945 2152 1095 2195 numerus
1110 2152 1219 2195 earum
1233 2131 1393 2194 variarum

205 2307 209 2314 ⁸
291 2233 479 2310 lectionum,
516 2252 596 2314 quae
618 2231 660 2295 ad
682 2231 742 2296 hoc
766 2239 861 2315 caput
882 2233 1059 2315 pertinent,
1096 2254 1161 2297 non
1182 2252 1393 2316 permagnus

291 2339 354 2413 est,
383 2338 459 2399 sunt
480 2335 564 2398 enim
585 2334 650 2398 fere
670 2334 798 2417 viginti,
820 2340 928 2399 tamen
950 2356 1077 2399 necesse
1099 2341 1148 2400 est
1168 2334 1277 2419 paullo
1300 2354 1393 2399 accu-

291 2438 390 2502 ratius
413 2438 446 2500 in
467 2436 551 2500 hanc
573 2458 640 2500 rem
661 2433 830 2518 inquirere,
852 2440 888 2499 ut
910 2436 1082 2501 diiudicare
1097 2437 1263 2520 possimne,
1285 2443 1392 2501 utrum

291 2540 365 2604 illae
388 2539 577 2603 coniecturis
606 2560 648 2602 an
678 2537 768 2604 libris
797 2538 1027 2620 antiquioribus
1048 2539 1230 2604 debeantur.
1274 2537 1394 2603 Contra

293 2639 449 2706 Dindorfii
470 2629 659 2705 sententiam
681 2641 853 2723 disputavit
876 2640 1070 2727 Kritalal),
1107 2643 1161 2723 qui
1191 2663 1299 2706 onmes
1319 2642 1393 2706 illas

292 2745 483 2810 mutationes
513 2766 552 2807 ex
580 2743 669 2809 libris
698 2743 913 2808 Laurentiano
949 2743 1232 2825 praestantioribus
1262 2744 1393 2808 haustas

293 2868 360 2913 esse
382 2845 554 2925 contendit,
576 2852 671 2929 atque
693 2845 777 2909 hanc
799 2865 889 2910 suam
911 2846 1099 2910 sententiam
1113 2845 1274 2910 nonnullis
1290 2868 1394 2912 exem-

293 2949 355 3033 plis
377 2969 416 3012 ex
430 2949 559 3012 Electra
580 2947 690 3013 fabula
705 2948 879 3030 desumptis
895 2948 1017 3013 munire
1033 2947 1147 3012 studet.
1190 2948 1273 3012 Ante
1289 2949 1395 3013 omnia

294 3050 355 3114 hoc
376 3048 546 3114 tenendum
570 3069 637 3114 esse
659 3050 791 3128 videtur,
814 3071 879 3115 non
900 3071 998 3115 unum
1021 3051 1237 3128 recentiorem,
1258 3051 1394 3115 alterum

293 3153 503 3233 antiquiorem
526 3151 635 3216 adesse
658 3157 878 3231 correctorem,
900 3152 954 3216 sed
977 3152 1163 3235 complures,
1187 3154 1242 3234 qui
1262 3154 1345 3217 inter
1360 3172 1393 3216 se

295 3254 446 3320 confundi
466 3273 530 3318 non
552 3255 692 3337 possint,
722 3261 755 3319 et
777 3275 849 3319 cum
870 3255 936 3318 veri
958 3253 1059 3319 simile
1082 3255 1139 3333 sit,
1175 3254 1260 3320 hunc
1281 3255 1315 3318 in
1337 3274 1394 3318 no·
1419 3265 1422 3272 '

294 3356 400 3422 taedis
420 3357 516 3421 variis
538 3356 725 3422 lectionibus
748 3356 829 3421 alius
852 3356 968 3420 codicis
990 3357 1122 3439 vestigia
1152 3362 1293 3422 secutum
1317 3377 1394 3433 esse,

295 3459 371 3542 quid
393 3458 523 3537 obstat,
560 3459 637 3540 quin
665 3464 810 3541 putemus
829 3459 965 3522 alterum
987 3479 1025 3522 ex
1047 3479 1103 3523 suo
1125 3459 1250 3543 ingenio
1272 3463 1395 3523 textum

296 3561 477 3628 emendasse
500 3581 634 3644 suasque
656 3561 791 3643 margini
806 3560 1011 3643 adscripsisse
1026 3561 1232 3626 coniecturas.
1277 3560 1395 3624 Falsis-

296 3663 410 3728 simum
429 3663 525 3746 igitur
547 3668 644 3743 esset,
678 3664 706 3729 si
727 3685 766 3728 ex
787 3662 948 3727 nonnullis
970 3663 1065 3742 locis,
1101 3663 1156 3728 ubi
1178 3664 1335 3729 recentior
1357 3663 1396 3727 li·

295 3765 420 3831 brarius
443 3766 652 3830 correctiones
681 3787 754 3830 suas
783 3787 822 3830 ex
852 3765 935 3829 libro
963 3765 1070 3847 aliquo
1099 3765 1241 3831 hausisse
1261 3765 1395 3842 videtur,

297 3867 484 3932 concludere
505 3867 676 3946 vellemus,
712 3888 819 3932 omnes
840 3867 913 3932 illas
936 3867 1127 3932 mutationes
1148 3866 1327 3944 codicibus,
1364 3870 1396 3930 et

297 3991 368 4034 cum
389 3968 562 4034 nonnullae
582 3969 810 4052 praeferendae
838 3970 901 4033 sint
931 3969 1096 4051 scripturis
1119 3969 1235 4034 codicis
1256 3969 1396 4034 Lauren-

300 4101 502 4109 ——-..—-

388 4193 408 4262 Ι)
443 4192 572 4261 Beitr‘dge
596 4209 644 4244 aur
667 4191 825 4259 Erkliirung
847 4191 904 4245 und
927 4190 1021 4244 Kritilr
1044 4190 1092 4242 des
1120 4188 1279 4256 Sopholrles.
1316 4187 1396 4242 Wieu

300 4282 376 4335 1864.
412 4299 439 4350 p.
460 4281 500 4334 12.
