3084 5124
695 462 733 524 61

164 643 214 706 Ad
236 644 308 710 Ant.
332 651 437 709 autem
460 668 487 710 v.
499 647 549 710 46.
573 647 744 712 scholiasta
766 647 915 713 adnotat:
938 643 1085 728 Δίδυμος
1107 646 1143 711 δὲ
1166 644 1265 734 φησὶν

163 739 230 808 ’ὑπὸ
252 751 317 809 τῶν
339 742 700 835 ὑπομνηματισαμὲνων
726 745 783 812 τὸν
804 743 877 835 ἑξῆς
899 745 1009 830 στίχον
1031 753 1261 826 νενοθεῢσθαι,

163 853 258 928 atque
281 848 341 912 hoc
363 851 476 914 veteris
497 853 709 933 grammatici,
740 852 875 915 fortasse
897 852 1089 929 Aristarchi,
1114 851 1263 915 iudicium

164 968 271 1012 omnes
294 951 358 1014 lere
381 954 481 1016 nostri
502 955 652 1037 temporis
675 952 840 1036 Sophoclis
862 954 998 1017 editores
1020 954 1205 1035 probarunt,
1227 972 1264 1016 eo

163 1049 250 1115 haud
270 1052 363 1117 dubie
386 1061 571 1136 argumento
593 1056 750 1133 commoti,
782 1053 867 1135 quod
889 1054 941 1118 hio
963 1075 1072 1119 versus
1094 1055 1264 1137 stichomy-

162 1153 272 1230 thiam,
296 1175 377 1235 quae
393 1162 532 1234 vocatur,
555 1178 651 1238 quam
666 1157 801 1221 maxime
815 1155 925 1220 turbat
944 1159 979 1241 ¹).
1024 1156 1147 1221 Tertius
1167 1156 1264 1233 locus,

163 1255 217 1318 ubi
239 1257 273 1320 in
296 1255 421 1321 scholiis
444 1260 561 1322 nostris
583 1252 772 1345 ἄθετήσεως
794 1258 926 1340 vestigia
948 1264 1072 1322 servata
1095 1265 1185 1335 sunt,
1220 1259 1264 1322 le·

163 1360 248 1438 gitur
269 1358 302 1421 in
324 1359 422 1423 schol.
446 1359 488 1424 ad
509 1361 557 1422 si.
581 1383 608 1425 v,
631 1360 708 1425 841:
737 1364 840 1424 ταῦτα
869 1355 1072 1425 νοθεύεσθαι
1101 1358 1203 1446 φασὶν
1222 1355 1262 1423 o‘-

164 1459 378 1547 ποβληθέντα
401 1457 485 1547 πρὸς
506 1458 684 1549 σαφήνειαν
698 1467 763 1526 τῶν
783 1459 971 1546 λεγομένων,
995 1468 1090 1543 atque
1112 1468 1196 1528 recte
1216 1463 1264 1526 iu-

163 1560 284 1626 dicasse
312 1563 435 1628 videtur
457 1563 628 1648 Didymus,
662 1566 724 1630 sive
754 1567 808 1647 qui
837 1565 920 1630 hano
949 1565 1163 1629 coniecturam
1189 1564 1263 1628 fecit

162 1666 402 1745 grammaticus
440 1688 513 1730 nam
540 1672 609 1730 tam
636 1667 744 1731 multis
762 1669 790 1752 2')
813 1667 896 1731 vitiis
917 1666 1067 1731 laborant
1089 1667 1121 1731 hi
1144 1687 1262 1743 versus

163 1770 199 1829 ut
226 1767 278 1831 rix
306 1767 503 1849 aSophocle
533 1769 642 1851 scripti
672 1789 738 1832 esse
766 1769 895 1851 possint.
948 1769 1116 1846 Quaeritur
1145 1773 1259 1846 autem,

162 1873 240 1948 quot
261 1891 369 1934 versus
391 1870 547 1935 eiciendos
569 1893 635 1936 esse
658 1872 817 1953 putaverit
838 1871 886 1935 vir
909 1871 1046 1948 criticus,
1070 1893 1146 1935 num
1168 1877 1261 1952 quat·

161 1975 234 2034 tuor
254 1970 440 2051 ,ass-842,
468 1994 510 2035 an
532 1972 611 2036 duos
634 1972 819 2050 841-842,
851 1973 909 2036 hos
939 1973 1082 2055 plerique
1104 1973 1262 2037 eiecerunt

162 2071 307 2150 editores,
330 2072 411 2150 illos,
434 2080 588 2155 quantum
610 2073 754 2156 equidem
778 2075 852 2152 scio,
874 2080 1001 2139 tantum
1025 2072 1208 2139 Dindorfius
1231 2080 1262 2139 et

162 2174 325 2258 Bergkius.
369 2174 449 2238 Cum
464 2181 570 2239 autem
591 2177 625 2239 in
647 2176 775 2241 scholiis
791 2175 881 2240 nulla
901 2177 966 2240 alia
981 2182 1105 2240 exstent
1120 2177 1262 2259 vestigia,

162 2276 336 2357 exquibus
364 2277 403 2341 de
429 2278 543 2341 veteris
564 2279 763 2360 grammatici
786 2279 942 2343 sententia
964 2277 1085 2359 aliquid
1115 2277 1261 2342 concludi

161 2379 277 2460 possit,
310 2381 436 2461 utrique
465 2380 499 2442 in
522 2399 594 2444 suas
617 2385 723 2462 partes
746 2380 937 2445 scholiastae
959 2382 1178 2445 auctoritatem
1202 2379 1262 2442 sibi

161 2480 320 2546 vindicare
341 2488 482 2564 possunt.

235 2729 255 2792 1)
291 2727 352 2779 Non
382 2729 473 2778 sutem
505 2739 598 2776 omnes
621 2721 745 2775 homines
770 2724 846 2777 docti
875 2722 928 2777 hoo
951 2739 1032 2776 versu
1055 2723 1146 2774 deleto
1171 2723 1262 2774 omnia

160 2815 230 2868 bene
252 2831 280 2866 se
299 2814 401 2866 hahere
420 2813 561 2880 putarunt,
579 2813 662 2878 atque
679 2809 819 2864 Nauckius
838 2811 923 2865 scribi
939 2810 1040 2864 voluit:

368 2895 416 2950 τὸν
434 2891 483 2950 οὖν
500 2893 568 2968 ἐμόν
587 2912 626 2966 γε,
645 2892 693 2948 τὸν
712 2893 762 2948 σὸν
780 2892 815 2961 ἢν
833 2893 868 2948 σύ
885 2894 924 2967 μὴ
942 2898 1031 2967 θέλῃς,

160 3005 241 3056 quam
259 2989 357 3039 miram
375 2987 560 3041 coniecturam
579 2983 731 3037 rectissime
743 2985 810 3037 mihi
829 2986 957 3039 videntur
974 2983 1107 3036 refutasse
1119 2982 1260 3038 Bonitaius

160 3079 188 3128 et
205 3075 329 3144 unger-us
348 3075 462 3144 (Bonita,
488 3073 617 3140 Beitrdge
636 3090 658 3124 z.
677 3071 834 3141 Erkliirung
853 3073 879 3126 d.
898 3071 979 3139 Soph.
1011 3073 1046 3126 Π.
1065 3070 1195 3124 Berichte
1212 3070 1261 3123 der

159 3165 186 3217 k.
198 3164 225 3217 k.
245 3163 329 3216 houd.
343 3181 365 3215 z.
379 3162 467 3214 Wien.
489 3161 564 3214 1857.
582 3178 610 3227 p.
625 3161 685 3212 358.
716 3160 817 3228 Enger,
835 3160 935 3213 Philol.
954 3159 1012 3213 XV.
1030 3159 1143 3227 p.121.)
1169 3159 1259 3210 Aliam

159 3252 276 3320 protulit
295 3251 481 3305 coniecturam
499 3247 668 3307 Dindorlius‚
689 3248 830 3301 scribens:

360 3333 408 3387 τὸν
426 3332 452 3405 y’
472 3329 521 3386 οὖν
540 3329 662 3404 ἀδελφὸν
681 3331 713 3385 οὗ
733 3331 867 3406 upddouo‘
888 3329 1038 3404 ἁλώσομαι,

160 3425 227 3478 haec
245 3425 330 3479 verba
348 3424 451 3492 optime
470 3440 486 3476 a
504 3421 638 3490 Sophocle
656 3421 741 3475 scribi
764 3422 899 3490 potuisse,
936 3438 1016 3474 nemo
1039 3437 1092 3473 noo
1118 3420 1259 3486 concedet,

159 3503 263 3580 scripta
281 3529 339 3564 esse
358 3511 484 3579 negabit,
512 3527 567 3562 non
586 3509 658 3561 enim
677 3510 860 3578 intellegitur,
880 3509 1015 3576 quomodo
1034 3508 1069 3560 ad
1088 3508 1156 3560 haec
1175 3506 1259 3559 verbs

159 3602 352 3668 interpolator:
382 3593 450 3669 ἐμὸν
469 3593 581 3648 καὶτὸν
605 3592 655 3646 σὸν
679 3591 713 3661 ἢν
731 3595 765 3648 σὺ
782 3593 821 3666 μὴ
840 3598 922 3667 θέλῃς
939 3601 967 3650 et
985 3597 1058 3648 inter
1082 3591 1113 3645 ori
1136 3598 1164 3646 et
1189 3581 1268 3662 apd-¹

160 3686 255 3739 douo':
274 3685 328 3756 γὰρ
346 3682 380 3753 δή
400 3685 501 3739 addere
518 3684 649 3752 potuerit.

229 3777 252 3832 r,
289 3773 323 3826 cf.
344 3775 517 3843 interpretes,
537 3771 672 3839 imprimis
691 3769 870 3824 Dindorfium.
890 3770 925 3823 ad
944 3769 970 3823 h.
983 3770 1001 3823 l.
