3084 5124
676 477 715 540 17

227 665 407 729 Nonnullae
437 683 561 746 quoqne
596 665 702 729 variae
736 664 887 729 lectiones
922 687 993 732 oum
1023 665 1179 753 sigla'yp.
1210 668 1242 732 in

17 759 18 764 ¹
140 770 283 851 margine
305 767 483 849 adscriptae
505 787 524 830 a
546 788 643 832 manu
663 788 725 832 rec.
742 769 944 854 coniecturae
959 766 1066 834 deberi
1087 769 1244 847 videntur,

141 874 181 935 01.
206 870 241 935 Ο.
266 871 302 934 R.
325 893 353 934 1.
377 869 449 932 229.
472 861 622 956 ἀσφαλής
643 892 690 952 pr.
712 891 759 956 γρ.
783 865 971 957 0111101111ςο
1000 893 1041 936 m.
1068 893 1141 952 rec,
1163 891 1244 954 quae

18 981 19 984 ’
141 994 234 1038 10000
256 972 379 1037 librarii
393 991 499 1035 errore
514 971 597 1036 inter
612 993 645 1036 se
660 974 847 1037 commutari
862 993 927 1037 non
943 978 1123 1056 potuerunt,
1146 995 1245 1056 quare

18 1095 19 1100 ¹
142 1096 269 1140 necesse
292 1080 340 1138 est
361 1079 537 1138 statuamus
558 1077 800 1158 grammaticum
821 1075 961 1158 aliquem
980 1076 1014 1140 in
1037 1098 1112 1141 1000
1133 1070 1244 1166 ἄσφα-

18 1251 20 1260 χ
141 1174 199 1266 λής
212 1177 352 1242 haesisse
369 1181 409 1255 et,
431 1176 516 1259 quod
538 1177 598 1242 sibi
620 1178 719 1260 magis
735 1178 915 1260 placuisset,
939 1171 1085 1266 ἀβλαβής
1100 1178 1243 1262 adscrip

143 1281 227 1345 sisse.
284 1279 389 1361 Atque
426 1278 505 1343 haec
534 1278 690 1344 Dindorfii
726 1280 851 1344 videtur
881 1301 949 1345 esso
977 1281 1157 1360 sententia,
1194 1281 1245 1346 oui

144 1382 287 1464 equidem
309 1382 475 1459 assentior,
498 1403 690 1464 quamquam
711 1403 776 1446 non
798 1383 978 1464 negaverim
1000 1382 1096 1446 aliam
1119 1369 1244 1467 quoqne

21 1515 23 1572 ᾗ
150 1485 319 1568 excogitari
348 1504 440 1567 posse
468 1485 571 1563 viam,
609 1505 672 1566 qua
699 1485 778 1550 haec
807 1486 895 1549 varia
921 1485 1015 1550 lectio
1037 1485 1113 1550 oriri
1134 1490 1245 1569 potue-

146 1587 188 1651 rit
207 1589 242 1673 ¹).
286 1587 383 1651 Nulla
404 1590 511 1650 autem
532 1593 580 1652 001
602 1586 773 1665 dubitatio,
796 1588 873 1670 quin
892 1610 939 1673 γρ.
963 1583 1059 1672 ἕδρας
1080 1587 1123 1652 ad
1142 1588 1191 1652 Αἰ.
1216 1611 1244 1652 1.

146 1688 225 1754 8801
255 1681 369 1774 dyona
400 1689 433 1752 in
456 1710 518 1771 quo
541 1688 637 1753 uerbo
660 1693 691 1753 et
714 1689 814 1755 codex
836 1694 868 1754 et
889 1689 1011 1755 scholia
1033 1691 1244 1769 consentiunt,

23 1847 24 1860 ,
144 1792 342 1874 grammatici
363 1791 496 1856 alicuius
519 1793 718 1856 coniecturae
745 1790 906 1857 debeatur.

229 1894 291 1960 Sed
319 1893 400 1958 aliae
431 1898 558 1957 exstant
587 1915 700 1958 manus
731 1900 893 1973 10000100,
929 1896 1043 1978 quibus
1072 1894 1158 1959 haud
1190 1894 1246 1959 du-

15 2005 25 2080 s,
144 1996 195 2061 bie
226 1995 351 2061 codices
378 2017 463 2059 nunc
494 1995 648 2078 deperditi
675 2001 803 2079 praesto
834 2002 942 2076 erant,
976 1997 1062 2079 quod
1089 1997 1185 2080 igitur
1207 1997 1246 2061 de

15 2085 26 2146 1
144 2097 291 2163 omnibus
321 2096 485 2162 contendit
505 2098 638 2162 Kvidala
672 2098 711 2163 de
739 2104 830 2181 parte
865 2104 992 2164 tantum
1021 2098 1114 2164 valet.
1172 2099 1245 2168 Non.

25 2191 28 2264 ἶ
146 2221 224 2282 opus
246 2205 294 2264 est
314 2199 415 2264 multa
437 2201 583 2284 exempla
604 2221 783 2283 congerere,
806 2222 877 2266 oum
899 2201 1055 2266 nonnulla
1070 2200 1156 2286 apud
1170 2202 1247 2266 Kri-

27 2299 28 2304 ’
146 2301 251 2366 talam
272 2301 436 2380 inventae,
475 2303 539 2366 alia
567 2302 655 2368 facili
677 2323 773 2387 opera
795 2325 834 2367 ex
855 2303 1013 2369 Dindorfii
1035 2297 1171 2368 editione
1194 2325 1247 2368 co-

146 2425 297 2488 gnoscere
318 2405 427 2486 possis.
471 2405 635 2487 Leguntur
663 2406 697 2470 in
725 2405 833 2470 codice
854 2427 962 2470 versus
991 2406 1137 2471 nonnulli
1158 2427 1177 2470 a
1198 2428 1248 2471 re·

147 2507 232 2570 centi
252 2527 350 2570 manu
373 2507 491 2586 additi,
518 2509 573 2589 qui
601 2528 666 2572 non
696 2512 829 2590 possunt
856 2509 897 2574 ab
927 2509 1008 2588 illis,
1038 2509 1093 2592 qui
1115 2529 1167 2574 eos
1191 2509 1249 2574 ad-

149 2608 351 2691 scripserunt,
374 2630 441 2674 esse
463 2612 608 2690 confecti,
630 2631 705 2674 narn
728 2611 828 2675 eidem
850 2611 973 2676 librarii
994 2611 1065 2675 aliis
1085 2610 1162 2677 locis
1177 2617 1249 2676 tan-

148 2715 215 2775 tam
238 2711 407 2776 ostendunt
429 2713 617 2791 stultitiam,
655 2719 691 2777 ut
719 2713 797 2777 haec
819 2714 863 2776 eis
886 2734 1015 2796 prorsus
1037 2709 1248 2778 abiudicanda

152 2813 193 2877 sit
220 2811 365 2879 facultas
409 2814 500 2880 Tales
528 2835 638 2881 versus
665 2821 739 2879 sunt
769 2814 804 2879 Ο.
828 2815 865 2879 R.
887 2838 915 2879 1.
939 2815 1011 2878 800.
1041 2814 1140 2879 1111.
1166 2814 1249 2878 1485

151 2912 252 2978 0186.
276 2916 314 2979 de
336 2917 449 2998 quibus
472 2918 551 2983 haec
574 2917 655 2982 dixit
675 2915 875 2982 Dindorfius:
912 2917 967 2998 „hi
996 2916 1059 2981 duo
1081 2937 1189 2981 versus
1216 2918 1250 2982 in

149 3019 311 3100 „margine
333 3020 443 3102 scripti
465 3026 539 3085 sunt
564 3021 605 3086 ab
626 3020 691 3085 alia
712 3041 809 3084 manu
831 3019 939 3102 paullo
962 3020 1136 3085 recentiore
1156 3021 1190 3084 in
1211 3019 1250 3084 li-

148 3125 242 3199 „tura
265 3120 398 3185 duorum
419 3144 575 3201 versuum,
598 3123 653 3206 qui
674 3121 760 3186 haud
775 3122 869 3186 dubie
884 3121 979 3187 iidem
994 3144 1102 3187 versus
1123 3122 1252 3188 fuerunt

148 3223 234 3301 „sive
257 3245 277 3287 a
298 3245 394 3288 manu
415 3247 462 3307 pr.
486 3226 549 3290 sive
580 3225 621 3289 ab
644 3224 674 3289 S.
698 3224 807 3306 scripti
829 3223 885 3288 sed
906 3224 1041 3289 fortasse
1062 3225 1162 3290 literis
1185 3225 1250 3289 cxi-

148 3325 321 3405 „rioribus
358 3333 395 3391 ut
415 3328 471 3392 alii
491 3348 599 3392 versus
622 3327 728 3409 plures
750 3327 784 3390 in
805 3327 947 3409 margine
969 3328 1128 3411 suppleti,
1166 3327 1252 3410 quod

149 3428 272 3510 „ipsum
294 3449 418 3511 qnoque
440 3451 564 3494 movere
585 3429 690 3512 potuit
711 3428 877 3493 librarium
897 3435 934 3493 ut
954 3429 1027 3494 illos
1048 3429 1151 3494 denuo
1174 3429 1252 3512 sori·

149 3529 287 3608 ,.‚beret‘
331 3531 435 3614 Atque
461 3532 580 3596 hano
571 3532 724 3614 rmprimis
748 3531 787 3595 01)
810 3552 938 3596 oausam
963 3533 1054 3596 eiecit
1074 3551 1182 3596 versus
1204 3532 1252 3595 vir

151 3631 234 3697 doct
210 3633 365 3712 trssimus,
395 3634 480 3716 quod
502 3656 578 3711 num
599 3639 685 3698 recte
654 3633 832 3712 tfecerit,
854 3634 993 3697 maximo
1016 3653 1109 3716 opere
1130 3632 1250 3711 dubito,

30 3754 31 3765 ¹
151 3753 223 3798 nam
246 3756 284 3799 ea
305 3737 386 3819 ipsa
396 3758 456 3815 res,
479 3737 565 3819 quod
586 3736 620 3800 hi
641 3756 750 3800 1010110
771 3737 836 3800 iam
857 3757 899 3800 an
899 3740 951 3800 tea
899 3736 1022 3800 1101
1044 3757 1064 3800 0
1085 3757 1132 3819 pr
1148 3757 1189 3800 m.
1201 3735 1251 3799 vel

149 3836 190 3901 ab
213 3837 245 3902 S.
267 3838 367 3903 additi
342 3845 490 3918 tteran,
514 3859 585 3903 eum
607 3859 734 3902 monere
756 3836 875 3917 debuit,
896 3837 969 3903 illos
991 3858 1056 3903 non
1078 3858 1099 3901 a
1120 3836 1250 3900 librario

150 3958 218 4003 0000
240 3940 418 4021 confectos3
440 3941 527 4024 quod
548 3947 655 4005 autem
677 3941 717 4005 ad
740 3947 883 4005 nostram
904 3942 1019 4006 attinet
1034 3939 1250 4021 quaestionem

150 4062 190 4105 ex
212 4041 271 4108 hoc
293 4044 363 4108 loco
386 4043 631 4108 luculentissime
653 4049 762 4127 patet,
794 4049 952 4108 recentem
973 4042 1063 4106 illum
1085 4041 1251 4107 librarium

148 4143 248 4207 alium
269 4145 311 4208 ad
332 4166 445 4210 manus
467 4146 614 4211 habuisse
637 4144 786 4222 codicem,
809 4165 848 4209 ex
870 4165 932 4227 qno
948 4143 1120 4209 lectionum
1134 4144 1251 4209 discre-

221 4368 243 4434 1)
279 4368 315 4425 cf.
332 4386 358 4437 p.
379 4370 421 4422 20.

1006 4473 1022 4524 2
