3084 5124
679 459 720 525 25

149 671 225 714 esse.
270 647 357 713 Idem
380 647 516 730 probant
537 646 636 711 schol.
660 647 699 712 ad
723 647 795 712 Ant.
812 671 859 712 vr.
877 648 946 711 136.
965 647 1035 711 711.
1053 647 1124 711 722.
1158 646 1250 726 Quid,

150 751 236 835 quod
258 771 297 815 ex
319 751 458 816 uirorum
481 748 647 816 doctorum
669 750 825 814 sententia
847 748 896 826 8.,
925 771 996 814 eum
1019 749 1139 814 schoiia
1160 753 1250 814 tran-

150 853 318 931 scriberet,
348 853 497 917 lemmata
519 852 564 916 eis
586 852 749 935 praefixit,
781 851 878 917 verba
900 873 939 916 ex
962 851 1079 918 codicis
1101 852 1250 916 Laurent,

150 955 309 1038 scriptura
331 959 480 1020 sumens?
524 952 602 1018 Cum
624 959 730 1018 autem
752 954 873 1018 scholia
893 954 1099 1036 inquiramus,
1122 952 1253 1018 offendit

150 1057 317 1142 perpaucis
338 1063 464 1122 tantum
493 1057 620 1123 scholiis
650 1056 801 1121 lemmata
829 1057 1010 1139 praeposita
1036 1078 1119 1136 esse,
1147 1077 1253 1121 nonne
1289 1115 1295 1128 ‚

151 1160 212 1224 hoc
241 1160 377 1225 hominis
406 1161 508 1226 critici
537 1165 606 1225 erat
635 1166 691 1224 aut
722 1159 838 1241 ubique
868 1164 924 1224 aut
945 1180 1102 1241 nusquam
1125 1159 1253 1224 scholiis

151 1263 302 1328 lemmata
323 1267 540 1345 praeponere?
583 1263 752 1326 Praeterea
772 1261 934 1326 nonnullis
955 1261 1083 1326 scholiis
1104 1261 1253 1326 lemmata

151 1363 293 1450 praefixa
315 1370 406 1442 sunt,
434 1385 515 1446 quae
539 1365 666 1429 omnino
688 1385 752 1428 ncn
774 1363 897 1428 adhoc
919 1364 1062 1428 scholion
1083 1364 1251 1447 pertinent.

154 1468 193 1532 cf.
215 1466 326 1532 Trach.
349 1489 378 1530 v.
401 1465 481 1545 549,
512 1490 539 1531 v.
562 1467 634 1531 556.
673 1466 729 1530 Ph.
745 1489 780 1530 Ι1.
803 1468 854 1532 94.
888 1467 987 1531 1111.
1014 1467 1090 1544 130,
1121 1489 1150 1530 1.
1173 1465 1253 1544 63ος

156 1569 240 1652 quod
265 1574 349 1634 certe
379 1565 564 1656 διορθωτής
591 1591 655 1634 non
683 1570 817 1634 fecisset.
872 1569 1003 1635 Accedit
1031 1568 1117 1652 quod
1145 1568 1254 1633 multis

155 1671 231 1736 loeis
252 1671 401 1736 lemmata
422 1692 486 1735 non
510 1695 580 1737 cum
603 1673 761 1756 scriptura
783 1673 900 1738 codicis
923 1672 1133 1748 consentiunt,
1154 1691 1253 1753 quare
1360 1664 1365 1672 ’

154 1780 328 1838 statuamus
350 1794 476 1839 necesse
497 1781 545 1839 est
566 1782 623 1840 aut
644 1776 793 1840 lemmata
814 1796 879 1840 non
903 1797 941 1839 011
963 1773 1178 1838 Laurentiano
1199 1794 1254 1838 ex·

153 1876 273 1958 scripta
302 1896 390 1953 esse,
425 1883 481 1941 aut
509 1877 539 1941 S.
571 1877 666 1944 fuisse
693 1878 859 1943 hbrarium
890 1875 1197 1960 neglegentissimum
1217 1877 1253 1959 ¹).

152 1977 232 2043 Cum
261 1977 397 2060 denique
426 1977 457 2043 S.
480 2001 544 2044 non
566 2002 740 2063 numquam
761 1980 866 2044 varias
881 1978 1038 2044 'lectiones
1060 1976 1255 2042 adscriberet

151 2087 262 2164 aperte
283 2085 467 2163 corruptas3
483 2089 489 2102 '
505 2082 545 2146 cf.
569 2082 604 2147 Ο.
629 2081 662 2147 C.
684 2106 712 2148 v.
738 2082 798 2147 195
827 2077 846 2169 ἦ
871 2084 954 2160 στῶ,
986 2078 1071 2164 quod
1092 2079 1172 2144 nihil
1193 2079 1255 2144 nisi

152 2173 171 2270 ἦ
195 2187 264 2248 στῶ
287 2205 354 2249 0000
375 2190 480 2266 potest
496 2186 542 2270 ²);
571 2190 603 2250 et
625 2207 645 2250 0
665 2207 697 2250 00
719 2185 896 2267 adscriptas
918 2185 985 2267 ipse
1007 2182 1195 2266 corrigeret,
1218 2187 1254 2248 01

152 2285 200 2350 Α1.
230 2309 259 2350 v.
283 2286 344 2350 308
378 2307 424 2370 γρ.
455 2281 632 2372 ἐρεισθείς,
664 2287 749 2370 quod
770 2288 906 2370 primum
935 2280 1082 2373 e'prudec'g
1103 2286 1255 2367 scriptum

153 2457 232 2535 fuit,
255 2464 287 2522 et
308 2458 356 2523 El.
380 2483 407 2524 v.
435 2459 514 2522 1438
537 2481 583 2544 γρ.
608 2406 730 2546 spaldi
755 2459 796 2525 ab
819 2461 849 2525 S.
874 2483 910 2522 ov
939 2459 979 2523 ab
1003 2458 1033 2523 S.
1062 2456 1256 2541 superscrip-

153 2563 239 2638 tum3
276 2561 406 2626 dubium
435 2583 501 2628 esse
527 2583 591 2626 non
614 2567 735 2645 potest,
771 2565 847 2646 quin
878 2563 983 2628 variae
1011 2561 1163 2627 lectiones
1191 2580 1255 2624 non

155 2663 353 2728 coniecturae
375 2664 431 2728 sed
452 2664 534 2730 hhro
556 2662 738 2729 debeantur.

240 2765 344 2850 Atque
374 2767 434 2832 hoc
463 2767 630 2844 iudicium,
667 2766 881 2849 qucd'multis
900 2766 1093 2849 argumentis
1114 2761 1256 2840 fecimus,

158 2867 362 2934 confirmatur
383 2875 452 2934 tota
473 2870 530 2934 illa
550 2869 752 2934 multitudine
774 2869 1001 2946 mutationum,
1025 2887 1148 2950 quaea
1170 2864 1200 2928 S.
1223 2865 1256 2928 in

155 2976 245 3037 textu
266 2971 316 3036 vel
337 2973 370 3036 in
391 2974 533 3056 margine
554 2971 733 3056 adscriptae
756 2978 838 3037 sunt.
885 2970 974 3035 Hanc
995 2969 1103 3053 paullo
1125 2988 1257 3033 accura-

154 3073 218 3137 tius
241 3075 415 3140 examinari
438 3097 516 3157 opus
539 3081 595 3140 est.
640 3073 818 3139 Nonnullas
841 3073 1032 3138 mutationes
1056 3070 1136 3136 libro
1152 3069 1259 3135 deberi

156 3196 196 3240 ne
219 3174 402 3241 Dindorfius
425 3176 552 3258 quidem
575 3177 716 3260 negavit,
751 3177 806 3241 sed
828 3177 995 3259 plerasque
1018 3196 1057 3239 ex
1078 3172 1259 3237 coniectura
1356 3251 1358 3256 ,

155 3277 257 3343 lactas
281 3301 347 3344 esse
370 3279 464 3344 certis
488 3278 613 3343 indiciis
635 3284 781 3344 constare
803 3278 892 3342 dixit.
937 3277 1023 3354 Quae
1051 3275 1169 3340 indicia
1194 3273 1259 3339 vel-

155 3380 219 3444 lem
240 3379 414 3447 addidisset
434 3381 482 3445 vir
505 3381 728 3459 doctissimus,
765 3403 839 3446 nam
868 3380 945 3446 mihi
968 3401 984 3444 e
1007 3378 1168 3444 contrario
1191 3377 1259 3459 ple·

155 3501 273 3562 raeque
295 3485 483 3549 mutationes
505 3485 604 3563 libris,
627 3484 835 3567 paucissimae
855 3487 980 3547 tantum
996 3480 1184 3546 coniecturis
1205 3477 1259 3542 de-

155 3583 225 3647 beri
246 3583 408 3664 videntur,
429 3593 525 3670 atque
547 3587 620 3652 illas
642 3586 768 3668 quidem
790 3606 855 3650 non
877 3584 917 3648 ab
940 3584 970 3650 S.
993 3583 1169 3666 exagitatas
1192 3601 1259 3645 esse

156 3686 213 3751 sed
234 3707 254 3750 a
275 3690 507 3770 grammaticis,
540 3690 593 3773 qui
615 3696 689 3755 ante
711 3710 782 3755 eum
803 3687 969 3764 vixerunt,
1006 3708 1044 3751 ex
1065 3684 1258 3768 argumentis

156 3788 220 3852 iam
243 3789 351 3854 allatis
372 3797 405 3856 et
426 3791 593 3858 afferendis
615 3793 765 3875 sequitur.

243 3891 382 3958 Primum
405 3894 575 3979 adscripsit
596 3898 626 3962 S.
649 3896 785 3979 margini
807 3917 914 3960 versus
936 3890 1121 3966 1011101100,
1144 3886 1259 3971 quihus

158 3993 211 4057 vix
234 4015 341 4060 carere
362 4018 543 4080 possumus,
566 3998 602 4063 Ο.
625 3999 661 4062 R.
684 4021 712 4062 v.
739 3997 829 4060 1104.
852 3996 902 4061 Tr.
924 4019 952 4060 v.
975 3992 1049 4072 445,
1070 4015 1098 4056 1.
1114 3990 1187 4055 536.
1210 3989 1259 4053 El.

162 4156 309 4163 ——---
317 4157 364 4162 —-.-

231 4260 252 4328 ¹)
288 4259 388 4312 Postea
406 4255 561 4310 accuratius
579 4255 652 4308 hauc
669 4252 856 4323 quaestionem
875 4249 1064 4305 tractabimus.

230 4349 252 4415 ²)
289 4346 323 4400 el.
342 4345 426 4400 schol.
446 4345 481 4398 ad
498 4343 547 4397 Ph.
566 4361 591 4397 v.
605 4343 656 4393 423
675 4345 703 4394 et
721 4359 745 4395 v.
759 4341 820 4393 426.
