3084 5124
713 509 755 572 53

438 685 508 758 ἔνθ’
531 684 624 775 οἶμαι
645 689 702 757 τὶν
725 689 901 779 ἐγρεμάχαν

442 795 552 882 Θησέα
574 792 629 858 καὶ
652 792 712 873 τὰς
734 792 906 873 δισσόλους

178 901 216 964 ln
239 899 367 964 scholiis
389 905 495 962 autem
517 898 649 981 legitur:
683 921 729 984 γρ.
753 892 947 985 caracam
967 903 989 978 ¹)
1013 893 1112 962 οἱονεὶ
1143 895 1200 960 τὸν
1228 894 1283 962 διὰ

179 1005 243 1066 τῶν
265 995 348 1087 ὀρῶν
369 993 525 1083 (leticiae
548 1004 611 1063 τῶν
643 999 885 1087 προειρημένων
910 995 1050 1086 χωρίων,
1084 1022 1165 1082 quae
1195 1002 1283 1065 varia

179 1105 272 1168 lectio
298 1103 470 1167 certissime
491 1122 556 1166 non
578 1102 731 1167 eiusmodi
754 1110 817 1180 est,
840 1107 876 1167 ut
899 1103 999 1186 possit
1022 1126 1061 1168 ex
1083 1103 1186 1168 altera
1208 1103 1284 1167 scri-

179 1213 273 1290 ptura
288 1200 464 1290 ἐγρεμάχαν
478 1209 628 1287 corrupta
650 1225 727 1284 esse,
749 1225 845 1287 quam
859 1205 1003 1288 Reissigii
1018 1205 1206 1270 sententiam
1229 1226 1284 1288 op-

179 1309 253 1372 time
286 1307 436 1370 refutavit
467 1305 677 1372 Hermannus.
736 1307 841 1384 Quare
875 1308 995 1372 factum
1030 1313 1091 1385 est,
1124 1313 1161 1371 ut
1189 1307 1283 1372 modo

178 1411 282 1488 hanc,
319 1409 414 1474 modo
451 1407 541 1471 illam
576 1408 745 1474 lectionem
772 1410 982 1492 praetulerint
1011 1408 1155 1474 homines
1188 1409 1282 1474 docti.

180 1511 262 1588 Quid
282 1532 391 1574 verum
413 1510 465 1588 sit,
489 1508 617 1574 difficile
641 1515 672 1575 et
696 1511 888 1589 diiudicatu;
912 1518 1035 1576 namet
1057 1511 1284 1594 antistrophici

179 1635 285 1678 versus
317 1619 426 1696 aperte
457 1619 532 1677 sunt
557 1612 706 1694 corrupti.
761 1613 1013 1696 Ingeniosissime
1049 1615 1133 1678 enim
1164 1614 1284 1678 invenit

179 1715 378 1779 Hermannus
400 1738 427 1778 v.
447 1715 528 1778 1069
550 1714 661 1779 verba:
684 1709 754 1778 κατ’
777 1707 987 1802 άμντοκτήρια
1010 1710 1140 1802 φάλαρα
1162 1711 1284 1780 πώλων

178 1811 322 1901 oppam
352 1817 397 1882 sic
419 1839 438 1882 a
460 1817 618 1900 Sophocle
641 1839 704 1882 non
735 1818 853 1898 scripta
882 1838 959 1895 esse,
983 1838 1054 1881 oum
1076 1818 1163 1900 apud
1183 1818 1282 1902 Hesy-

178 1921 283 1985 chium
305 1920 428 2002 legatur
449 1912 676 2005 άμντοκσήρια·
698 1915 740 1982 τὰ
762 1914 903 2004 φάλαρα,
928 1918 1098 2006 Σοφοκλῆς
1123 1914 1282 1984 Οἰδίποδι

178 2020 212 2087 ἑν
234 2017 388 2108 Κολώνφ,
412 2042 476 2103 qua
491 2021 597 2104 glossa
612 2021 761 2086 docemur
776 2016 907 2108 φάλαρα
930 2021 1101 2086 eiciendum
1126 2043 1203 2100 esse,
1227 2023 1281 2086 sed
1352 2027 1357 2036 '
1394 2019 1399 2028 '

177 2132 340 2209 praeterea
369 2124 417 2188 vir
443 2123 643 2188 doctissimus
673 2145 731 2206 pro
760 2120 843 2187 κατά
873 2124 968 2188 scribi
997 2124 1096 2187 voluit
1117 2118 1238 2202 χαλῶά
1254 2127 1282 2207 2)

177 2232 210 2292 et
225 2248 283 2310 pro
302 2221 442 2290 πώλωνε
465 2222 606 2291 πωλικά.
650 2224 717 2288 Has
739 2225 794 2306 qui
815 2225 997 2309 probandas
1019 2247 1087 2291 esse
1101 2232 1193 2309 putat
1209 2249 1283 2291 eon-

177 2330 323 2407 iecturas
346 2328 442 2392 etiam
463 2327 646 2392 Hermanno
669 2327 856 2391 assentietur
880 2327 1030 2393 scribenti
1051 2329 1084 2392 in
1106 2329 1260 2412 stropha:

437 2422 509 2493 ἔνθ’
530 2420 623 2511 οἶμαι
644 2425 701 2493 τὸν
724 2421 897 2514 ὃρειβάταν

437 2527 613 2617 ἐγρεμάχαν
634 2526 694 2609 τὰς
716 2525 887 2610 διστόλοος
909 2569 959 2592 -.

264 2634 373 2716 Neque
395 2633 505 2716 negari
526 2639 631 2715 potest
652 2633 740 2710 haec,
770 2633 854 2715 quod
876 2633 917 2698 ad
939 2639 1074 2700 metrum
1096 2640 1128 2699 et
1148 2635 1190 2699 ad
1212 2659 1285 2714 sen-¹

179 2761 248 2802 sum
270 2737 394 2815 attinet,
420 2735 536 2818 optime
559 2757 626 2800 sese
647 2735 773 2813 habere,
797 2757 869 2800 cum
891 2740 923 2800 et
944 2730 1116 2823 ὀρειβάσαν
1138 2737 1283 2803 excidere

178 2845 211 2904 et
237 2835 360 2924 Θησέα,
396 2837 557 2920 adscripta
579 2838 686 2920 glossa
707 2837 817 2902 addita
838 2837 996 2921 particula
1017 2833 1082 2918 καί,
1106 2839 1140 2904 in
1161 2844 1281 2904 textum

180 2942 324 3025 inrepere
339 2944 454 3023 posset.
500 2938 618 3004 Tamen
642 2941 675 3002 in
699 2944 791 3005 tanta
812 2939 928 3004 codicis
951 2941 1131 3024 corruptela
1152 2941 1203 3005 vix
1225 2962 1283 3024 pro

179 3052 265 3109 certo
288 3043 350 3106 dici
372 3047 491 3125 potest,
528 3041 607 3106 haec
628 3042 721 3106 unice
742 3064 763 3106 a
785 3042 940 3127 Sophocle
964 3043 1082 3125 scripta
1103 3063 1186 3120 esse,
1218 3063 1284 3107 om·

178 3147 266 3210 nium
296 3149 402 3210 autem
431 3144 751 3229 coniecturarum),
790 3145 904 3226 quibus
938 3145 1081 3209 homines
1112 3145 1212 3209 critici
1242 3145 1283 3209 ad

179 3249 263 3312 hunc
284 3248 388 3311 locum
411 3252 621 3324 accesserunt,
643 3247 722 3311 haec
744 3248 813 3311 sola
835 3247 912 3311 mihi
934 3246 1030 3329 digna
1045 3247 1178 3326 videtur,
1202 3269 1283 3329 quae

179 3351 359 3432 recipiatur,
381 3350 481 3413 donee
503 3349 615 3413 melior
636 3346 797 3412 afferatur.
1227 3340 1231 3346 ’

262 3451 333 3516 Non
354 3456 446 3516 tanta
469 3449 658 3516 difficultate
685 3449 812 3514 laborat
835 3448 938 3532 Antig.
966 3472 994 3512 v.
1010 3450 1069 3513 4οε
1106 3443 1214 3513 loco&
1244 3442 1283 3512 άν

179 3547 199 3641 ἢ
222 3549 410 3632 θάπτονσα,
435 3575 517 3635 quae
539 3553 637 3618 verba
658 3573 677 3616 a
700 3553 871 3617 scholiasta
892 3549 1100 3633 explicantur,
1123 3549 1177 3614 sed
1199 3550 1302 3615 idem.

178 3657 349 3739 adscripsit
363 3657 482 3720 variam
500 3655 682 3720 lectionem:
707 3649 737 3717 εἰ
762 3653 797 3718 δὲ
819 3675 865 3738 γρ.
882 3644 1107 3739 λ’φάστοοσα
1128 3645 1202 3716 άννὶ
1224 3656 1282 3715 τοῦ

178 3755 299 3823 λύουσα
319 3754 376 3821 τὸν
398 3753 497 3839 νόμον
520 3749 540 3844 ἢ
561 3759 742 3840 βεβαιοῦσα
763 3749 871 3834 αὐτόν,
896 3773 977 3836 quae
998 3775 1055 3818 cur
1076 3753 1284 3836 praeferenda

250 3948 270 4011 ¹)
306 3964 363 4000 non
381 3941 556 4014 ὀρεωβάτον,
587 3945 635 3999 sed
653 3939 797 4014 ὀρειβάταν
815 3943 990 3996 scribendum
1008 3941 1125 3995 videtur.
1157 3941 1193 3995 cf.
1210 3941 1282 3998 Phil.

178 4055 204 4091 v.
222 4037 283 4088 955.

249 4123 273 4178 'lt
311 4118 464 4174 Meinekius
483 4120 608 4190 scripsit:
631 4115 753 4188 ὁρμάιαί
766 4120 842 4186 χαλᾷ
859 4116 881 4168 τ’
901 4121 930 4170 et
947 4115 1105 4170 Dindortius
1129 4112 1198 4166 κατὰ
1212 4153 1217 4164 .
1233 4157 1238 4169 .
1252 4155 1280 4170 ..

180 4201 364 4276 ιὶμποκτήρια,
385 4205 473 4260 eiecto
491 4223 600 4274 quoquc
618 4207 701 4259 verbo
720 4201 826 4266 πώλων,
844 4205 971 4258 lacunam
991 4207 1122 4256 statuens.

246 4295 271 4357 ³)
309 4296 343 4348 de
360 4292 443 4347 Neuii
473 4293 631 4346 coniectura
658 4289 801 4363 ὀρειβάταν
827 4309 861 4347 ex
888 4287 1018 4363 ὀρσιβόαν
1041 4294 1201 4360 corruptum
1220 4307 1282 4343 ceu·

178 4381 271 4449 sentis,
298 4385 393 4450 postea
411 4381 558 4436 dicendum
577 4380 638 4433 erit.
