<?xml version="1.0" encoding="UTF-8"?>
<!DOCTYPE html PUBLIC "-//W3C//DTD XHTML 1.0 Transitional//EN"
    "http://www.w3.org/TR/xhtml1/DTD/xhtml1-transitional.dtd">
<html xmlns="http://www.w3.org/1999/xhtml" xml:lang="en" lang="en">
 <head>
  <title>
</title>
<meta http-equiv="Content-Type" content="text/html;charset=utf-8" />
  <meta name='ocr-system' content='tesseract 3.04.00' />
  <meta name='ocr-capabilities' content='ocr_page ocr_carea ocr_par ocr_line ocrx_word'/>
</head>
<body>
  <div class='ocr_page' id='page_1' title='image "./descholiorumlau00paulgoog_0033.png"; bbox 0 0 3084 5124; ppageno 0'>
   <div class='ocr_carea' id='block_1_1' title="bbox 786 469 826 534">
    <p class='ocr_par' dir='ltr' id='par_1_1' title="bbox 786 469 826 534">
     <span class='ocr_line' id='line_1_1' title="bbox 786 469 826 534; baseline -0.025 0"><span class='ocrx_word' id='word_1_1' title='bbox 786 469 826 534; x_wconf 94' lang='grc'>28</span> 
     </span>
    </p>
   </div>
   <div class='ocr_carea' id='block_1_2' title="bbox 255 649 1360 1050">
    <p class='ocr_par' dir='ltr' id='par_1_2' title="bbox 255 649 1360 1050">
     <span class='ocr_line' id='line_1_2' title="bbox 256 649 1360 740; baseline -0.002 -20"><span class='ocrx_word' id='word_1_2' title='bbox 256 679 320 720; x_wconf 92' lang='lat' dir='ltr'>non</span> <span class='ocrx_word' id='word_1_3' title='bbox 341 678 380 722; x_wconf 88' lang='lat' dir='ltr'>ex</span> <span class='ocrx_word' id='word_1_4' title='bbox 401 658 582 724; x_wconf 89' lang='lat' dir='ltr'>coniectura</span> <span class='ocrx_word' id='word_1_5' title='bbox 602 663 706 722; x_wconf 89' lang='lat' dir='ltr'>ortum</span> <span class='ocrx_word' id='word_1_6' title='bbox 728 679 805 736; x_wconf 89' lang='lat' dir='ltr'>esse,</span> <span class='ocrx_word' id='word_1_7' title='bbox 824 658 912 740; x_wconf 88' lang='lat' dir='ltr'>quod</span> <span class='ocrx_word' id='word_1_8' title='bbox 934 659 963 724; x_wconf 88' lang='lat' dir='ltr'>S.</span> <span class='ocrx_word' id='word_1_9' title='bbox 987 659 1027 724; x_wconf 87' lang='lat' dir='ltr'>ad</span> <span class='ocrx_word' id='word_1_10' title='bbox 1050 659 1122 724; x_wconf 90' lang='lat' dir='ltr'>Aut.</span> <span class='ocrx_word' id='word_1_11' title='bbox 1146 683 1173 724; x_wconf 87' lang='lat' dir='ltr'>v.</span> <span class='ocrx_word' id='word_1_12' title='bbox 1199 657 1296 722; x_wconf 83' lang='lat'>1314:</span> <span class='ocrx_word' id='word_1_13' title='bbox 1323 649 1360 720; x_wconf 73' lang='grc' dir='ltr'>ἐν’</span> 
     </span>
     <span class='ocr_line' id='line_1_3' title="bbox 255 754 1356 846; baseline 0.004 -24"><span class='ocrx_word' id='word_1_14' title='bbox 255 763 373 846; x_wconf 82' lang='grc' dir='ltr'><strong><em>φοναῖς</em></strong></span> <span class='ocrx_word' id='word_1_15' title='bbox 388 759 557 844; x_wconf 78' lang='lat' dir='ltr'>adscripsit</span> <span class='ocrx_word' id='word_1_16' title='bbox 572 754 619 838; x_wconf 79' lang='grc' dir='ltr'>εἰς</span> <span class='ocrx_word' id='word_1_17' title='bbox 633 755 745 846; x_wconf 80' lang='grc' dir='ltr'><strong><em>φανάς,</em></strong></span> <span class='ocrx_word' id='word_1_18' title='bbox 771 760 825 826; x_wconf 89' lang='lat' dir='ltr'>sed</span> <span class='ocrx_word' id='word_1_19' title='bbox 839 762 961 826; x_wconf 83' lang='lat' dir='ltr'>variam</span> <span class='ocrx_word' id='word_1_20' title='bbox 975 784 1042 827; x_wconf 87' lang='lat' dir='ltr'>esse</span> <span class='ocrx_word' id='word_1_21' title='bbox 1057 763 1241 839; x_wconf 80' lang='lat' dir='ltr'>lectionem3</span> <span class='ocrx_word' id='word_1_22' title='bbox 1265 761 1356 826; x_wconf 89' lang='lat' dir='ltr'>scho-</span> 
     </span>
     <span class='ocr_line' id='line_1_4' title="bbox 255 857 1356 950; baseline 0 -24"><span class='ocrx_word' id='word_1_23' title='bbox 255 863 349 926; x_wconf 89' lang='lat' dir='ltr'>liasta</span> <span class='ocrx_word' id='word_1_24' title='bbox 364 864 446 926; x_wconf 90' lang='lat' dir='ltr'>enim</span> <span class='ocrx_word' id='word_1_25' title='bbox 462 863 552 928; x_wconf 89' lang='lat' dir='ltr'>dicit:</span> <span class='ocrx_word' id='word_1_26' title='bbox 575 857 640 926; x_wconf 86' lang='grc' dir='ltr'><strong><em>τίνι</em></strong></span> <span class='ocrx_word' id='word_1_27' title='bbox 662 857 784 948; x_wconf 73' lang='grc' dir='ltr'><strong><em>τρόπον,</em></strong></span> <span class='ocrx_word' id='word_1_28' title='bbox 808 860 916 950; x_wconf 72' lang='grc' dir='ltr'><strong><em>φησὶν,</em></strong></span> <span class='ocrx_word' id='word_1_29' title='bbox 941 861 1052 929; x_wconf 79' lang='grc' dir='ltr'><strong><em>ἐλύετο</em></strong></span> <span class='ocrx_word' id='word_1_30' title='bbox 1074 861 1129 929; x_wconf 82' lang='grc' dir='ltr'>καὶ</span> <span class='ocrx_word' id='word_1_31' title='bbox 1152 861 1285 950; x_wconf 77' lang='grc' dir='ltr'><strong><em>ἐφέρετο</em></strong></span> <span class='ocrx_word' id='word_1_32' title='bbox 1308 857 1356 940; x_wconf 81' lang='grc' dir='ltr'>εἰς</span> 
     </span>
     <span class='ocr_line' id='line_1_5' title="bbox 255 959 1353 1050; baseline 0.001 -22"><span class='ocrx_word' id='word_1_33' title='bbox 255 959 366 1050; x_wconf 81' lang='grc' dir='ltr'><strong><em>φονάς,</em></strong></span> <span class='ocrx_word' id='word_1_34' title='bbox 391 965 500 1030; x_wconf 87' lang='lat' dir='ltr'>eadem</span> <span class='ocrx_word' id='word_1_35' title='bbox 523 965 711 1030; x_wconf 74' lang='lat' dir='ltr'>scholiastae</span> <span class='ocrx_word' id='word_1_36' title='bbox 733 967 906 1030; x_wconf 76' lang='lat' dir='ltr'>auctoritas</span> <span class='ocrx_word' id='word_1_37' title='bbox 920 966 1045 1048; x_wconf 88' lang='lat' dir='ltr'>probat,</span> <span class='ocrx_word' id='word_1_38' title='bbox 1068 968 1273 1032; x_wconf 72' lang='lat' dir='ltr'>mutationem</span> <span class='ocrx_word' id='word_1_39' title='bbox 1289 987 1306 1030; x_wconf 86' lang='lat' dir='ltr'>a</span> <span class='ocrx_word' id='word_1_40' title='bbox 1323 965 1353 1030; x_wconf 85' lang='lat' dir='ltr'>S.</span> 
     </span>
    </p>
   </div>
   <div class='ocr_carea' id='block_1_3' title="bbox 252 1057 1356 1566">
    <p class='ocr_par' dir='ltr' id='par_1_3' title="bbox 252 1057 1356 1566">
     <span class='ocr_line' id='line_1_6' title="bbox 255 1057 1356 1156; baseline 0 -26"><span class='ocrx_word' id='word_1_41' title='bbox 255 1067 373 1131; x_wconf 86' lang='lat' dir='ltr'>factam</span> <span class='ocrx_word' id='word_1_42' title='bbox 401 1068 434 1131; x_wconf 92' lang='lat' dir='ltr'>in</span> <span class='ocrx_word' id='word_1_43' title='bbox 456 1067 512 1131; x_wconf 89' lang='lat' dir='ltr'>Ph.</span> <span class='ocrx_word' id='word_1_44' title='bbox 534 1091 562 1132; x_wconf 91' lang='lat' dir='ltr'>v.</span> <span class='ocrx_word' id='word_1_45' title='bbox 586 1067 648 1132; x_wconf 85' lang='grc'>852</span> <span class='ocrx_word' id='word_1_46' title='bbox 676 1090 723 1151; x_wconf 92' lang='lat' dir='ltr'>pr.</span> <span class='ocrx_word' id='word_1_47' title='bbox 747 1091 787 1132; x_wconf 91' lang='lat' dir='ltr'>m.</span> <span class='ocrx_word' id='word_1_48' title='bbox 810 1059 915 1134; x_wconf 73' lang='grc' dir='ltr'><strong><em>οἶσθα</em></strong></span> <span class='ocrx_word' id='word_1_49' title='bbox 938 1065 997 1156; x_wconf 80' lang='grc' dir='ltr'>γὰρ</span> <span class='ocrx_word' id='word_1_50' title='bbox 1020 1059 1065 1133; x_wconf 81' lang='grc' dir='ltr'>ὧν</span> <span class='ocrx_word' id='word_1_51' title='bbox 1086 1065 1236 1151; x_wconf 74' lang='grc' dir='ltr'><strong><em>αὕόῶμαι</em></strong></span> <span class='ocrx_word' id='word_1_52' title='bbox 1267 1069 1296 1134; x_wconf 85' lang='grc'>8.</span> <span class='ocrx_word' id='word_1_53' title='bbox 1317 1057 1356 1132; x_wconf 78' lang='lat' dir='ltr'>t&#39;v</span> 
     </span>
     <span class='ocr_line' id='line_1_7' title="bbox 255 1164 1355 1255; baseline -0.001 -21"><span class='ocrx_word' id='word_1_54' title='bbox 255 1175 390 1236; x_wconf 88' lang='lat' dir='ltr'>veterem</span> <span class='ocrx_word' id='word_1_55' title='bbox 420 1169 515 1234; x_wconf 88' lang='lat' dir='ltr'>fuisse</span> <span class='ocrx_word' id='word_1_56' title='bbox 543 1170 664 1234; x_wconf 84' lang='lat' dir='ltr'>variam</span> <span class='ocrx_word' id='word_1_57' title='bbox 686 1171 862 1236; x_wconf 87' lang='lat' dir='ltr'>lectionem.</span> <span class='ocrx_word' id='word_1_58' title='bbox 906 1172 954 1236; x_wconf 87' lang='lat' dir='ltr'>El.</span> <span class='ocrx_word' id='word_1_59' title='bbox 977 1195 1004 1236; x_wconf 93' lang='lat' dir='ltr'>v.</span> <span class='ocrx_word' id='word_1_60' title='bbox 1029 1172 1091 1236; x_wconf 83' lang='grc'>876</span> <span class='ocrx_word' id='word_1_61' title='bbox 1119 1194 1166 1255; x_wconf 90' lang='lat' dir='ltr'>pr.</span> <span class='ocrx_word' id='word_1_62' title='bbox 1189 1194 1230 1235; x_wconf 91' lang='lat' dir='ltr'>m.</span> <span class='ocrx_word' id='word_1_63' title='bbox 1253 1164 1355 1235; x_wconf 76' lang='grc' dir='ltr'><strong><em>ἔνεστ’</em></strong></span> 
     </span>
     <span class='ocr_line' id='line_1_8' title="bbox 255 1265 1354 1356; baseline 0.003 -21"><span class='ocrx_word' id='word_1_64' title='bbox 255 1265 351 1351; x_wconf 56' lang='grc' dir='ltr'><strong><em>ἰδεῖν·</em></strong></span> <span class='ocrx_word' id='word_1_65' title='bbox 373 1271 403 1337; x_wconf 90' lang='grc'>8.</span> <span class='ocrx_word' id='word_1_66' title='bbox 427 1267 485 1351; x_wconf 72' lang='grc' dir='ltr'>ἔτι,</span> <span class='ocrx_word' id='word_1_67' title='bbox 509 1293 604 1355; x_wconf 88' lang='lat' dir='ltr'>quam</span> <span class='ocrx_word' id='word_1_68' title='bbox 626 1272 792 1338; x_wconf 90' lang='lat' dir='ltr'>lectionem</span> <span class='ocrx_word' id='word_1_69' title='bbox 815 1273 844 1338; x_wconf 85' lang='lat' dir='ltr'>S.</span> <span class='ocrx_word' id='word_1_70' title='bbox 868 1274 955 1339; x_wconf 90' lang='lat' dir='ltr'>haud</span> <span class='ocrx_word' id='word_1_71' title='bbox 977 1275 1071 1340; x_wconf 88' lang='lat' dir='ltr'>dubio</span> <span class='ocrx_word' id='word_1_72' title='bbox 1092 1275 1294 1356; x_wconf 86' lang='lat' dir='ltr'>transcripsit</span> <span class='ocrx_word' id='word_1_73' title='bbox 1315 1295 1354 1338; x_wconf 83' lang='lat' dir='ltr'>ex</span> 
     </span>
     <span class='ocr_line' id='line_1_9' title="bbox 253 1373 1354 1462; baseline 0.003 -24"><span class='ocrx_word' id='word_1_74' title='bbox 253 1373 359 1453; x_wconf 90' lang='lat' dir='ltr'>libro,</span> <span class='ocrx_word' id='word_1_75' title='bbox 395 1375 430 1438; x_wconf 90' lang='lat' dir='ltr'>in</span> <span class='ocrx_word' id='word_1_76' title='bbox 460 1395 522 1457; x_wconf 89' lang='lat' dir='ltr'>quo</span> <span class='ocrx_word' id='word_1_77' title='bbox 541 1374 616 1439; x_wconf 86' lang='lat' dir='ltr'>-fiuis</span> <span class='ocrx_word' id='word_1_78' title='bbox 639 1375 732 1439; x_wconf 85' lang='lat' dir='ltr'>huius</span> <span class='ocrx_word' id='word_1_79' title='bbox 753 1399 860 1442; x_wconf 84' lang='lat' dir='ltr'>versus</span> <span class='ocrx_word' id='word_1_80' title='bbox 883 1385 1054 1442; x_wconf 81' lang='lat' dir='ltr'>evanuerat</span> <span class='ocrx_word' id='word_1_81' title='bbox 1076 1385 1107 1443; x_wconf 87' lang='lat' dir='ltr'>et</span> <span class='ocrx_word' id='word_1_82' title='bbox 1129 1377 1354 1462; x_wconf 86' lang='lat' dir='ltr'>grammaticus</span> 
     </span>
     <span class='ocr_line' id='line_1_10' title="bbox 252 1474 1353 1566; baseline 0.001 -25"><span class='ocrx_word' id='word_1_83' title='bbox 252 1476 294 1542; x_wconf 87' lang='lat' dir='ltr'>ad</span> <span class='ocrx_word' id='word_1_84' title='bbox 317 1499 443 1542; x_wconf 88' lang='lat' dir='ltr'>sensum</span> <span class='ocrx_word' id='word_1_85' title='bbox 464 1483 588 1542; x_wconf 85' lang='lat' dir='ltr'>tantum</span> <span class='ocrx_word' id='word_1_86' title='bbox 610 1483 756 1560; x_wconf 89' lang='lat' dir='ltr'>spectans</span> <span class='ocrx_word' id='word_1_87' title='bbox 778 1474 828 1544; x_wconf 78' lang='grc' dir='ltr'>ἔτι</span> <span class='ocrx_word' id='word_1_88' title='bbox 850 1479 1012 1545; x_wconf 86' lang='lat' dir='ltr'>substituit</span> <span class='ocrx_word' id='word_1_89' title='bbox 1030 1483 1066 1566; x_wconf 81' lang='lat'>¹).</span> <span class='ocrx_word' id='word_1_90' title='bbox 1111 1481 1159 1544; x_wconf 83' lang='lat' dir='ltr'>El.</span> <span class='ocrx_word' id='word_1_91' title='bbox 1175 1504 1203 1544; x_wconf 86' lang='lat' dir='ltr'>v.</span> <span class='ocrx_word' id='word_1_92' title='bbox 1221 1479 1282 1543; x_wconf 85' lang='grc'>896</span> <span class='ocrx_word' id='word_1_93' title='bbox 1305 1502 1353 1563; x_wconf 90' lang='lat' dir='ltr'>pr.</span> 
     </span>
    </p>
   </div>
   <div class='ocr_carea' id='block_1_4' title="bbox 253 1573 1353 1734">
    <p class='ocr_par' dir='ltr' id='par_1_4' title="bbox 253 1573 1353 1734">
     <span class='ocr_line' id='line_1_11' title="bbox 253 1573 1353 1664; baseline 0.001 -20"><span class='ocrx_word' id='word_1_94' title='bbox 253 1603 293 1644; x_wconf 90' lang='lat' dir='ltr'>m.</span> <span class='ocrx_word' id='word_1_95' title='bbox 318 1576 422 1660; x_wconf 72' lang='grc' dir='ltr'><strong><em>ἔστινς</em></strong></span> <span class='ocrx_word' id='word_1_96' title='bbox 444 1580 474 1645; x_wconf 88' lang='lat' dir='ltr'>S.</span> <span class='ocrx_word' id='word_1_97' title='bbox 497 1573 589 1644; x_wconf 80' lang='grc' dir='ltr'><strong><em>εἰσιν.</em></strong></span> <span class='ocrx_word' id='word_1_98' title='bbox 628 1580 700 1644; x_wconf 81' lang='lat' dir='ltr'>Ant.</span> <span class='ocrx_word' id='word_1_99' title='bbox 723 1604 751 1644; x_wconf 84' lang='lat' dir='ltr'>v.</span> <span class='ocrx_word' id='word_1_100' title='bbox 774 1581 817 1646; x_wconf 83' lang='lat'>53</span> <span class='ocrx_word' id='word_1_101' title='bbox 838 1604 885 1664; x_wconf 86' lang='lat' dir='ltr'>pr.</span> <span class='ocrx_word' id='word_1_102' title='bbox 908 1604 949 1646; x_wconf 90' lang='lat' dir='ltr'>m.</span> <span class='ocrx_word' id='word_1_103' title='bbox 974 1578 1072 1663; x_wconf 71' lang='grc' dir='ltr'><strong><em>ἕντοςς</em></strong></span> <span class='ocrx_word' id='word_1_104' title='bbox 1100 1581 1130 1648; x_wconf 87' lang='grc'>8.</span> <span class='ocrx_word' id='word_1_105' title='bbox 1156 1577 1279 1660; x_wconf 74' lang='grc' dir='ltr'>πάθος.</span> <span class='ocrx_word' id='word_1_106' title='bbox 1316 1581 1353 1646; x_wconf 92' lang='grc' dir='ltr'>Ο.</span> 
     </span>
     <span class='ocr_line' id='line_1_12' title="bbox 476 1684 517 1734; baseline -0.024 0"><span class='ocrx_word' id='word_1_107' title='bbox 476 1684 517 1734; x_wconf 86' lang='grc' dir='ltr'>ιλο</span> 
     </span>
    </p>
   </div>
   <div class='ocr_carea' id='block_1_5' title="bbox 249 1701 1354 2961">
    <p class='ocr_par' dir='ltr' id='par_1_5' title="bbox 249 1701 1354 2961">
     <span class='ocr_line' id='line_1_13' title="bbox 253 1701 1353 1839; baseline 0.002 -21"><span class='ocrx_word' id='word_1_108' title='bbox 253 1752 286 1818; x_wconf 83' lang='lat' dir='ltr'>G.</span> <span class='ocrx_word' id='word_1_109' title='bbox 308 1777 335 1818; x_wconf 84' lang='lat' dir='ltr'>v.</span> <span class='ocrx_word' id='word_1_110' title='bbox 360 1753 422 1818; x_wconf 86' lang='grc'>632</span> <span class='ocrx_word' id='word_1_111' title='bbox 445 1701 619 1837; x_wconf 53' lang='lat' dir='ltr'>pergam,</span> <span class='ocrx_word' id='word_1_112' title='bbox 643 1752 721 1839; x_wconf 82' lang='grc' dir='ltr'><strong><em>φιλο</em></strong></span> <span class='ocrx_word' id='word_1_113' title='bbox 744 1754 784 1817; x_wconf 89' lang='lat' dir='ltr'>ab</span> <span class='ocrx_word' id='word_1_114' title='bbox 806 1753 848 1831; x_wconf 89' lang='grc'>8.,</span> <span class='ocrx_word' id='word_1_115' title='bbox 871 1774 952 1836; x_wconf 88' lang='lat' dir='ltr'>quae</span> <span class='ocrx_word' id='word_1_116' title='bbox 973 1753 1067 1820; x_wconf 90' lang='lat' dir='ltr'>lectio</span> <span class='ocrx_word' id='word_1_117' title='bbox 1088 1756 1223 1821; x_wconf 88' lang='lat' dir='ltr'>fortasse</span> <span class='ocrx_word' id='word_1_118' title='bbox 1246 1777 1353 1820; x_wconf 89' lang='lat' dir='ltr'>errore</span> 
     </span>
     <span class='ocr_line' id='line_1_14' title="bbox 252 1851 1354 1942; baseline 0.003 -23"><span class='ocrx_word' id='word_1_119' title='bbox 252 1855 374 1919; x_wconf 88' lang='lat' dir='ltr'>librarii</span> <span class='ocrx_word' id='word_1_120' title='bbox 395 1861 466 1919; x_wconf 89' lang='lat' dir='ltr'>orta</span> <span class='ocrx_word' id='word_1_121' title='bbox 488 1861 545 1933; x_wconf 88' lang='lat' dir='ltr'>est,</span> <span class='ocrx_word' id='word_1_122' title='bbox 567 1856 622 1937; x_wconf 87' lang='lat' dir='ltr'>qui</span> <span class='ocrx_word' id='word_1_123' title='bbox 643 1856 782 1938; x_wconf 84' lang='lat' dir='ltr'>glossam</span> <span class='ocrx_word' id='word_1_124' title='bbox 803 1851 900 1942; x_wconf 82' lang='grc' dir='ltr'><strong><em>φίλος</em></strong></span> <span class='ocrx_word' id='word_1_125' title='bbox 916 1857 945 1939; x_wconf 85' lang='lat'>²)</span> <span class='ocrx_word' id='word_1_126' title='bbox 968 1878 1026 1941; x_wconf 90' lang='lat' dir='ltr'>pro</span> <span class='ocrx_word' id='word_1_127' title='bbox 1041 1859 1130 1922; x_wconf 86' lang='lat' dir='ltr'>varia</span> <span class='ocrx_word' id='word_1_128' title='bbox 1144 1859 1278 1923; x_wconf 91' lang='lat' dir='ltr'>lectione</span> <span class='ocrx_word' id='word_1_129' title='bbox 1294 1857 1354 1922; x_wconf 85' lang='lat' dir='ltr'>ha·</span> 
     </span>
     <span class='ocr_line' id='line_1_15' title="bbox 251 1949 1351 2043; baseline 0.001 -21"><span class='ocrx_word' id='word_1_130' title='bbox 251 1958 339 2035; x_wconf 88' lang='lat' dir='ltr'>buit,</span> <span class='ocrx_word' id='word_1_131' title='bbox 376 1959 465 2024; x_wconf 89' lang='lat' dir='ltr'>cuius</span> <span class='ocrx_word' id='word_1_132' title='bbox 494 1959 609 2022; x_wconf 87' lang='lat' dir='ltr'>erroris</span> <span class='ocrx_word' id='word_1_133' title='bbox 632 1957 732 2024; x_wconf 90' lang='lat' dir='ltr'>multa</span> <span class='ocrx_word' id='word_1_134' title='bbox 754 1958 898 2041; x_wconf 89' lang='lat' dir='ltr'>exempla</span> <span class='ocrx_word' id='word_1_135' title='bbox 918 1960 1052 2025; x_wconf 87' lang='lat' dir='ltr'>inveniri</span> <span class='ocrx_word' id='word_1_136' title='bbox 1074 1949 1214 2043; x_wconf 84' lang='lat' dir='ltr'>possunt.</span> <span class='ocrx_word' id='word_1_137' title='bbox 1259 1959 1294 2024; x_wconf 91' lang='grc' dir='ltr'>Ο.</span> <span class='ocrx_word' id='word_1_138' title='bbox 1317 1957 1351 2023; x_wconf 85' lang='lat' dir='ltr'>C.</span> 
     </span>
     <span class='ocr_line' id='line_1_16' title="bbox 252 2056 1351 2144; baseline 0 -18"><span class='ocrx_word' id='word_1_139' title='bbox 252 2084 279 2126; x_wconf 86' lang='lat' dir='ltr'>v.</span> <span class='ocrx_word' id='word_1_140' title='bbox 305 2061 366 2126; x_wconf 83' lang='grc'>726</span> <span class='ocrx_word' id='word_1_141' title='bbox 387 2083 434 2142; x_wconf 91' lang='lat' dir='ltr'>pr.</span> <span class='ocrx_word' id='word_1_142' title='bbox 453 2083 493 2124; x_wconf 92' lang='lat' dir='ltr'>m.</span> <span class='ocrx_word' id='word_1_143' title='bbox 511 2056 590 2144; x_wconf 60' lang='lat' dir='ltr'>tyni,-</span> <span class='ocrx_word' id='word_1_144' title='bbox 610 2059 641 2125; x_wconf 88' lang='grc'>8.</span> <span class='ocrx_word' id='word_1_145' title='bbox 664 2063 757 2144; x_wconf 81' lang='grc' dir='ltr'><em>κυρῶ,</em></span> <span class='ocrx_word' id='word_1_146' title='bbox 781 2061 867 2142; x_wconf 89' lang='lat' dir='ltr'>quod</span> <span class='ocrx_word' id='word_1_147' title='bbox 889 2059 1024 2127; x_wconf 84' lang='lat' dir='ltr'>fortasse</span> <span class='ocrx_word' id='word_1_148' title='bbox 1046 2064 1228 2128; x_wconf 87' lang='lat' dir='ltr'>coniectura</span> <span class='ocrx_word' id='word_1_149' title='bbox 1247 2068 1351 2127; x_wconf 90' lang='lat' dir='ltr'>ortum</span> 
     </span>
     <span class='ocr_line' id='line_1_17' title="bbox 252 2163 1352 2248; baseline -0.002 -18"><span class='ocrx_word' id='word_1_150' title='bbox 252 2172 308 2243; x_wconf 88' lang='lat' dir='ltr'>est,</span> <span class='ocrx_word' id='word_1_151' title='bbox 329 2185 394 2228; x_wconf 91' lang='lat' dir='ltr'>non</span> <span class='ocrx_word' id='word_1_152' title='bbox 416 2168 520 2227; x_wconf 82' lang='lat' dir='ltr'>autem</span> <span class='ocrx_word' id='word_1_153' title='bbox 543 2185 563 2227; x_wconf 90' lang='lat' dir='ltr'>a</span> <span class='ocrx_word' id='word_1_154' title='bbox 585 2164 614 2228; x_wconf 87' lang='lat' dir='ltr'>S.</span> <span class='ocrx_word' id='word_1_155' title='bbox 631 2164 820 2246; x_wconf 85' lang='lat' dir='ltr'>excogitata,</span> <span class='ocrx_word' id='word_1_156' title='bbox 842 2169 875 2228; x_wconf 88' lang='lat' dir='ltr'>et</span> <span class='ocrx_word' id='word_1_157' title='bbox 896 2163 1005 2228; x_wconf 89' lang='lat' dir='ltr'>eodem</span> <span class='ocrx_word' id='word_1_158' title='bbox 1027 2165 1121 2228; x_wconf 87' lang='lat' dir='ltr'>modo</span> <span class='ocrx_word' id='word_1_159' title='bbox 1144 2186 1206 2248; x_wconf 89' lang='lat' dir='ltr'>quo</span> <span class='ocrx_word' id='word_1_160' title='bbox 1228 2170 1352 2230; x_wconf 86' lang='lat' dir='ltr'>ceterae</span> 
     </span>
     <span class='ocr_line' id='line_1_18' title="bbox 251 2265 1349 2349; baseline 0 -19"><span class='ocrx_word' id='word_1_161' title='bbox 251 2266 441 2331; x_wconf 89' lang='lat' dir='ltr'>mutationes</span> <span class='ocrx_word' id='word_1_162' title='bbox 463 2287 502 2330; x_wconf 85' lang='lat' dir='ltr'>ex</span> <span class='ocrx_word' id='word_1_163' title='bbox 524 2266 650 2330; x_wconf 91' lang='lat' dir='ltr'>conlato</span> <span class='ocrx_word' id='word_1_164' title='bbox 675 2265 781 2330; x_wconf 88' lang='lat' dir='ltr'>codice</span> <span class='ocrx_word' id='word_1_165' title='bbox 808 2287 828 2329; x_wconf 89' lang='lat' dir='ltr'>a</span> <span class='ocrx_word' id='word_1_166' title='bbox 849 2265 879 2331; x_wconf 86' lang='lat' dir='ltr'>S.</span> <span class='ocrx_word' id='word_1_167' title='bbox 901 2267 1137 2349; x_wconf 84' lang='lat' dir='ltr'>transcriptum.</span> <span class='ocrx_word' id='word_1_168' title='bbox 1156 2275 1164 2347; x_wconf 37' lang='grc' dir='ltr'>ζ</span> <span class='ocrx_word' id='word_1_169' title='bbox 1181 2267 1292 2332; x_wconf 87' lang='lat' dir='ltr'>Restat</span> <span class='ocrx_word' id='word_1_170' title='bbox 1314 2266 1349 2330; x_wconf 93' lang='lat'>0.</span> 
     </span>
     <span class='ocr_line' id='line_1_19' title="bbox 252 2362 1349 2452; baseline -0.002 -20"><span class='ocrx_word' id='word_1_171' title='bbox 252 2367 285 2432; x_wconf 86' lang='lat' dir='ltr'>C.</span> <span class='ocrx_word' id='word_1_172' title='bbox 307 2391 335 2432; x_wconf 82' lang='lat' dir='ltr'>v.</span> <span class='ocrx_word' id='word_1_173' title='bbox 359 2368 421 2433; x_wconf 84' lang='grc'>238</span> <span class='ocrx_word' id='word_1_174' title='bbox 450 2387 498 2451; x_wconf 84' lang='lat' dir='ltr'>pr.·</span> <span class='ocrx_word' id='word_1_175' title='bbox 520 2390 561 2432; x_wconf 91' lang='lat' dir='ltr'>m.</span> <span class='ocrx_word' id='word_1_176' title='bbox 592 2363 706 2451; x_wconf 78' lang='grc' dir='ltr'><strong><em>γέραον</em></strong></span> <span class='ocrx_word' id='word_1_177' title='bbox 736 2363 871 2450; x_wconf 72' lang='grc' dir='ltr'>πότερα.</span> <span class='ocrx_word' id='word_1_178' title='bbox 931 2368 961 2434; x_wconf 89' lang='grc'>8.</span> <span class='ocrx_word' id='word_1_179' title='bbox 990 2370 1211 2452; x_wconf 85' lang='lat' dir='ltr'>superscripsit</span> <span class='ocrx_word' id='word_1_180' title='bbox 1239 2362 1349 2447; x_wconf 77' lang='grc' dir='ltr'><strong><em>ἀλαὸν,</em></strong></span> 
     </span>
     <span class='ocr_line' id='line_1_20' title="bbox 251 2470 1352 2553; baseline 0.002 -18"><span class='ocrx_word' id='word_1_181' title='bbox 251 2470 337 2553; x_wconf 86' lang='lat' dir='ltr'>quod</span> <span class='ocrx_word' id='word_1_182' title='bbox 358 2471 528 2536; x_wconf 85' lang='lat' dir='ltr'>coniecisse</span> <span class='ocrx_word' id='word_1_183' title='bbox 550 2491 621 2535; x_wconf 88' lang='lat' dir='ltr'>eurn</span> <span class='ocrx_word' id='word_1_184' title='bbox 643 2471 778 2534; x_wconf 86' lang='lat' dir='ltr'>fortasse</span> <span class='ocrx_word' id='word_1_185' title='bbox 800 2475 901 2552; x_wconf 88' lang='lat' dir='ltr'>putes,</span> <span class='ocrx_word' id='word_1_186' title='bbox 924 2470 978 2535; x_wconf 89' lang='lat' dir='ltr'>sed</span> <span class='ocrx_word' id='word_1_187' title='bbox 1000 2472 1144 2538; x_wconf 77' lang='lat' dir='ltr'>conferas</span> <span class='ocrx_word' id='word_1_188' title='bbox 1166 2497 1194 2538; x_wconf 86' lang='lat' dir='ltr'>v.</span> <span class='ocrx_word' id='word_1_189' title='bbox 1211 2473 1274 2536; x_wconf 86' lang='grc'>244</span> <span class='ocrx_word' id='word_1_190' title='bbox 1296 2472 1352 2537; x_wconf 88' lang='lat' dir='ltr'>ubi</span> 
     </span>
     <span class='ocr_line' id='line_1_21' title="bbox 250 2564 1350 2654; baseline 0.002 -17"><span class='ocrx_word' id='word_1_191' title='bbox 250 2574 283 2638; x_wconf 90' lang='lat' dir='ltr'>in</span> <span class='ocrx_word' id='word_1_192' title='bbox 305 2573 398 2637; x_wconf 87' lang='lat' dir='ltr'>Laur.</span> <span class='ocrx_word' id='word_1_193' title='bbox 422 2571 501 2636; x_wconf 90' lang='lat' dir='ltr'>haec</span> <span class='ocrx_word' id='word_1_194' title='bbox 523 2572 689 2654; x_wconf 82' lang='lat' dir='ltr'>leguntur:</span> <span class='ocrx_word' id='word_1_195' title='bbox 712 2564 850 2653; x_wconf 66' lang='grc' dir='ltr'><strong><em>ἄντομαι</em></strong></span> <span class='ocrx_word' id='word_1_196' title='bbox 873 2565 953 2637; x_wconf 74' lang='lat' dir='ltr'>niro</span> <span class='ocrx_word' id='word_1_197' title='bbox 978 2622 983 2635; x_wconf 92' lang='lat'>.</span> <span class='ocrx_word' id='word_1_198' title='bbox 1007 2622 1014 2635; x_wconf 89' lang='lat'><strong>.</strong></span> <span class='ocrx_word' id='word_1_199' title='bbox 1038 2573 1127 2653; x_wconf 87' lang='grc' dir='ltr'><strong><em>λοισ,</em></strong></span> <span class='ocrx_word' id='word_1_200' title='bbox 1151 2598 1173 2638; x_wconf 93' lang='grc' dir='ltr'><strong><em>α</em></strong></span> <span class='ocrx_word' id='word_1_201' title='bbox 1196 2625 1202 2636; x_wconf 94' lang='grc'>.</span> <span class='ocrx_word' id='word_1_202' title='bbox 1228 2625 1235 2638; x_wconf 94' lang='grc'>.</span> <span class='ocrx_word' id='word_1_203' title='bbox 1257 2576 1291 2639; x_wconf 91' lang='lat' dir='ltr'>in</span> <span class='ocrx_word' id='word_1_204' title='bbox 1312 2574 1350 2639; x_wconf 91' lang='lat' dir='ltr'>li·</span> 
     </span>
     <span class='ocr_line' id='line_1_22' title="bbox 250 2673 1350 2756; baseline 0.003 -17"><span class='ocrx_word' id='word_1_205' title='bbox 250 2681 322 2740; x_wconf 90' lang='lat' dir='ltr'>tura</span> <span class='ocrx_word' id='word_1_206' title='bbox 343 2675 440 2739; x_wconf 92' lang='lat' dir='ltr'>trium</span> <span class='ocrx_word' id='word_1_207' title='bbox 462 2673 624 2738; x_wconf 86' lang='lat' dir='ltr'>literarum</span> <span class='ocrx_word' id='word_1_208' title='bbox 647 2678 679 2738; x_wconf 91' lang='lat' dir='ltr'>et</span> <span class='ocrx_word' id='word_1_209' title='bbox 700 2673 775 2738; x_wconf 90' lang='grc' dir='ltr'><strong><em>λοισ</em></strong></span> <span class='ocrx_word' id='word_1_210' title='bbox 797 2697 816 2738; x_wconf 89' lang='lat' dir='ltr'>a</span> <span class='ocrx_word' id='word_1_211' title='bbox 838 2699 878 2739; x_wconf 85' lang='lat' dir='ltr'>nr.</span> <span class='ocrx_word' id='word_1_212' title='bbox 901 2675 1117 2740; x_wconf 89' lang='lat' dir='ltr'>recentissima</span> <span class='ocrx_word' id='word_1_213' title='bbox 1137 2677 1273 2756; x_wconf 84' lang='lat' dir='ltr'>insert03</span> <span class='ocrx_word' id='word_1_214' title='bbox 1306 2678 1350 2742; x_wconf 87' lang='lat' dir='ltr'>le·</span> 
     </span>
     <span class='ocr_line' id='line_1_23' title="bbox 249 2769 1351 2862; baseline 0.001 -21"><span class='ocrx_word' id='word_1_215' title='bbox 249 2777 387 2861; x_wconf 84' lang='lat' dir='ltr'>gendum</span> <span class='ocrx_word' id='word_1_216' title='bbox 407 2798 475 2841; x_wconf 86' lang='lat' dir='ltr'>esse</span> <span class='ocrx_word' id='word_1_217' title='bbox 498 2769 556 2839; x_wconf 72' lang='grc' dir='ltr'>οἰκ</span> <span class='ocrx_word' id='word_1_218' title='bbox 575 2769 691 2853; x_wconf 75' lang='grc' dir='ltr'><strong><em>οἷλαοῖς</em></strong></span> <span class='ocrx_word' id='word_1_219' title='bbox 714 2783 848 2856; x_wconf 88' lang='lat' dir='ltr'>constat,</span> <span class='ocrx_word' id='word_1_220' title='bbox 871 2777 925 2843; x_wconf 85' lang='lat' dir='ltr'>sed</span> <span class='ocrx_word' id='word_1_221' title='bbox 946 2784 1023 2861; x_wconf 91' lang='lat' dir='ltr'>puto</span> <span class='ocrx_word' id='word_1_222' title='bbox 1045 2779 1078 2842; x_wconf 89' lang='lat' dir='ltr'>iu</span> <span class='ocrx_word' id='word_1_223' title='bbox 1100 2778 1242 2862; x_wconf 83' lang='lat' dir='ltr'>margine</span> <span class='ocrx_word' id='word_1_224' title='bbox 1264 2777 1351 2842; x_wconf 86' lang='lat' dir='ltr'>codi-</span> 
     </span>
     <span class='ocr_line' id='line_1_24' title="bbox 250 2873 1348 2961; baseline -0.002 -17"><span class='ocrx_word' id='word_1_225' title='bbox 250 2881 295 2944; x_wconf 89' lang='lat' dir='ltr'>cis</span> <span class='ocrx_word' id='word_1_226' title='bbox 325 2901 345 2943; x_wconf 91' lang='lat' dir='ltr'>a</span> <span class='ocrx_word' id='word_1_227' title='bbox 372 2878 403 2944; x_wconf 83' lang='lat' dir='ltr'>S.</span> <span class='ocrx_word' id='word_1_228' title='bbox 434 2879 555 2944; x_wconf 89' lang='lat' dir='ltr'>conlati</span> <span class='ocrx_word' id='word_1_229' title='bbox 583 2879 734 2961; x_wconf 88' lang='lat' dir='ltr'>scriptam</span> <span class='ocrx_word' id='word_1_230' title='bbox 762 2881 858 2945; x_wconf 85' lang='lat' dir='ltr'>fuisse</span> <span class='ocrx_word' id='word_1_231' title='bbox 892 2882 1012 2946; x_wconf 82' lang='lat' dir='ltr'>variam</span> <span class='ocrx_word' id='word_1_232' title='bbox 1042 2881 1208 2946; x_wconf 89' lang='lat' dir='ltr'>lectionem</span> <span class='ocrx_word' id='word_1_233' title='bbox 1238 2873 1348 2959; x_wconf 76' lang='grc' dir='ltr'><strong><em>ἄλαόν,</em></strong></span> 
     </span>
    </p>
   </div>
   <div class='ocr_carea' id='block_1_6' title="bbox 250 2980 1350 3066">
    <p class='ocr_par' dir='ltr' id='par_1_6' title="bbox 250 2980 1350 3066">
     <span class='ocr_line' id='line_1_25' title="bbox 250 2980 1350 3066; baseline 0.001 -20"><span class='ocrx_word' id='word_1_234' title='bbox 250 3003 345 3063; x_wconf 83' lang='lat' dir='ltr'>qnam</span> <span class='ocrx_word' id='word_1_235' title='bbox 367 2981 397 3046; x_wconf 86' lang='lat' dir='ltr'>S.</span> <span class='ocrx_word' id='word_1_236' title='bbox 419 3002 529 3045; x_wconf 79' lang='lat' dir='ltr'>uersus</span> <span class='ocrx_word' id='word_1_237' title='bbox 551 2980 746 3045; x_wconf 85' lang='lat' dir='ltr'>confundens</span> <span class='ocrx_word' id='word_1_238' title='bbox 769 2983 872 3046; x_wconf 88' lang='lat' dir='ltr'>versui</span> <span class='ocrx_word' id='word_1_239' title='bbox 895 2983 957 3046; x_wconf 89' lang='grc'>238</span> <span class='ocrx_word' id='word_1_240' title='bbox 980 2983 1210 3066; x_wconf 85' lang='lat' dir='ltr'>superscripsit.</span> <span class='ocrx_word' id='word_1_241' title='bbox 1254 2983 1350 3047; x_wconf 88' lang='lat' dir='ltr'>Falsa</span> 
     </span>
    </p>
   </div>
   <div class='ocr_carea' id='block_1_7' title="bbox 249 3083 1349 3238">
    <p class='ocr_par' dir='ltr' id='par_1_7' title="bbox 249 3083 1349 3238">
     <span class='ocr_line' id='line_1_26' title="bbox 249 3083 1349 3238; baseline 0.002 -20"><span class='ocrx_word' id='word_1_242' title='bbox 249 3175 374 3236; x_wconf 90' lang='lat' dir='ltr'>quoque</span> <span class='ocrx_word' id='word_1_243' title='bbox 396 3159 444 3217; x_wconf 88' lang='lat' dir='ltr'>est</span> <span class='ocrx_word' id='word_1_244' title='bbox 465 3153 559 3218; x_wconf 88' lang='lat' dir='ltr'>lectio</span> <span class='ocrx_word' id='word_1_245' title='bbox 582 3153 623 3238; x_wconf 87' lang='lat' dir='ltr'>ad</span> <span class='ocrx_word' id='word_1_246' title='bbox 645 3153 720 3216; x_wconf 82' lang='lat' dir='ltr'>Ant.</span> <span class='ocrx_word' id='word_1_247' title='bbox 735 3177 763 3217; x_wconf 82' lang='lat' dir='ltr'>v.</span> <span class='ocrx_word' id='word_1_248' title='bbox 782 3153 861 3218; x_wconf 74' lang='lat'>3162</span> <span class='ocrx_word' id='word_1_249' title='bbox 884 3148 943 3218; x_wconf 72' lang='lat' dir='ltr'>oria</span> <span class='ocrx_word' id='word_1_250' title='bbox 963 3083 1069 3220; x_wconf 57' lang='grc' dir='ltr'><strong><em>ῗῖοθα</em></strong></span> <span class='ocrx_word' id='word_1_251' title='bbox 1090 3152 1146 3219; x_wconf 83' lang='grc' dir='ltr'>καὶ</span> <span class='ocrx_word' id='word_1_252' title='bbox 1168 3159 1232 3234; x_wconf 83' lang='grc' dir='ltr'><strong><em>νῦν,</em></strong></span> <span class='ocrx_word' id='word_1_253' title='bbox 1256 3147 1285 3220; x_wconf 83' lang='grc' dir='ltr'>εἶ</span> <span class='ocrx_word' id='word_1_254' title='bbox 1307 3153 1349 3220; x_wconf 90' lang='lat' dir='ltr'>ab</span> 
     </span>
    </p>
   </div>
   <div class='ocr_carea' id='block_1_8' title="bbox 248 3249 1349 3444">
    <p class='ocr_par' dir='ltr' id='par_1_8' title="bbox 248 3249 1349 3444">
     <span class='ocr_line' id='line_1_27' title="bbox 248 3249 1349 3338; baseline -0.002 -17"><span class='ocrx_word' id='word_1_255' title='bbox 248 3256 279 3321; x_wconf 91' lang='grc'>8.</span> <span class='ocrx_word' id='word_1_256' title='bbox 306 3256 414 3321; x_wconf 88' lang='lat' dir='ltr'>statim</span> <span class='ocrx_word' id='word_1_257' title='bbox 440 3256 523 3320; x_wconf 87' lang='lat' dir='ltr'>inter</span> <span class='ocrx_word' id='word_1_258' title='bbox 549 3277 657 3320; x_wconf 87' lang='lat' dir='ltr'>versus</span> <span class='ocrx_word' id='word_1_259' title='bbox 684 3254 792 3320; x_wconf 86' lang='lat' dir='ltr'>addita</span> <span class='ocrx_word' id='word_1_260' title='bbox 820 3256 1046 3338; x_wconf 86' lang='lat' dir='ltr'>explicatione:</span> <span class='ocrx_word' id='word_1_261' title='bbox 1084 3249 1191 3322; x_wconf 63' lang='grc' dir='ltr'><strong><em>ἄνιθι</em></strong></span> <span class='ocrx_word' id='word_1_262' title='bbox 1216 3254 1272 3320; x_wconf 83' lang='grc' dir='ltr'>καὶ</span> <span class='ocrx_word' id='word_1_263' title='bbox 1294 3260 1349 3320; x_wconf 82' lang='grc' dir='ltr'>νῦν</span> 
     </span>
     <span class='ocr_line' id='line_1_28' title="bbox 248 3349 1348 3444; baseline 0.004 -22"><span class='ocrx_word' id='word_1_264' title='bbox 248 3354 307 3442; x_wconf 72' lang='grc' dir='ltr'>γὰρ</span> <span class='ocrx_word' id='word_1_265' title='bbox 330 3354 431 3441; x_wconf 76' lang='grc' dir='ltr'><strong><em>λέγων</em></strong></span> <span class='ocrx_word' id='word_1_266' title='bbox 452 3349 584 3442; x_wconf 78' lang='grc' dir='ltr'><strong><em>α’νιαρός</em></strong></span> <span class='ocrx_word' id='word_1_267' title='bbox 603 3381 662 3439; x_wconf 88' lang='grc' dir='ltr'>μοι</span> <span class='ocrx_word' id='word_1_268' title='bbox 684 3349 723 3422; x_wconf 81' lang='grc' dir='ltr'>εἶ.</span> <span class='ocrx_word' id='word_1_269' title='bbox 767 3358 858 3422; x_wconf 89' lang='lat' dir='ltr'>Hanc</span> <span class='ocrx_word' id='word_1_270' title='bbox 885 3357 1005 3423; x_wconf 88' lang='lat' dir='ltr'>variam</span> <span class='ocrx_word' id='word_1_271' title='bbox 1033 3359 1217 3439; x_wconf 90' lang='lat' dir='ltr'>lectionem,</span> <span class='ocrx_word' id='word_1_272' title='bbox 1254 3384 1348 3444; x_wconf 83' lang='lat' dir='ltr'>quam</span> 
     </span>
    </p>
   </div>
   <div class='ocr_carea' id='block_1_9' title="bbox 136 3459 1348 3556">
    <p class='ocr_par' dir='ltr' id='par_1_9' title="bbox 136 3459 1348 3556">
     <span class='ocr_line' id='line_1_29' title="bbox 136 3459 1348 3556; baseline 0.011 -40"><span class='ocrx_word' id='word_1_273' title='bbox 136 3510 143 3516; x_wconf 93' lang='lat'>.</span> <span class='ocrx_word' id='word_1_274' title='bbox 248 3461 472 3556; x_wconf 81' lang='lat' dir='ltr'>grammaticus</span> <span class='ocrx_word' id='word_1_275' title='bbox 494 3459 682 3544; x_wconf 87' lang='lat' dir='ltr'>byzantinus</span> <span class='ocrx_word' id='word_1_276' title='bbox 699 3461 728 3544; x_wconf 84' lang='grc'>3)</span> <span class='ocrx_word' id='word_1_277' title='bbox 752 3461 911 3543; x_wconf 86' lang='lat' dir='ltr'>explicare</span> <span class='ocrx_word' id='word_1_278' title='bbox 934 3460 1070 3539; x_wconf 89' lang='lat' dir='ltr'>studuit,</span> <span class='ocrx_word' id='word_1_279' title='bbox 1108 3463 1140 3526; x_wconf 90' lang='lat' dir='ltr'>in</span> <span class='ocrx_word' id='word_1_280' title='bbox 1163 3463 1270 3529; x_wconf 87' lang='lat' dir='ltr'>codice</span> <span class='ocrx_word' id='word_1_281' title='bbox 1291 3486 1348 3529; x_wconf 92' lang='lat' dir='ltr'>suo</span> 
     </span>
    </p>
   </div>
   <div class='ocr_carea' id='block_1_10' title="bbox 247 3563 1348 3954">
    <p class='ocr_par' dir='ltr' id='par_1_10' title="bbox 247 3563 1348 3748">
     <span class='ocr_line' id='line_1_30' title="bbox 247 3563 1348 3650; baseline 0.004 -22"><span class='ocrx_word' id='word_1_282' title='bbox 247 3563 367 3628; x_wconf 86' lang='lat' dir='ltr'>invenit</span> <span class='ocrx_word' id='word_1_283' title='bbox 388 3563 418 3627; x_wconf 90' lang='grc'>8.</span> <span class='ocrx_word' id='word_1_284' title='bbox 442 3568 474 3627; x_wconf 87' lang='lat' dir='ltr'>et</span> <span class='ocrx_word' id='word_1_285' title='bbox 495 3585 559 3627; x_wconf 87' lang='lat' dir='ltr'>una</span> <span class='ocrx_word' id='word_1_286' title='bbox 581 3584 652 3626; x_wconf 90' lang='lat' dir='ltr'>cum</span> <span class='ocrx_word' id='word_1_287' title='bbox 668 3563 876 3645; x_wconf 88' lang='lat' dir='ltr'>explicatione</span> <span class='ocrx_word' id='word_1_288' title='bbox 890 3563 1100 3645; x_wconf 85' lang='lat' dir='ltr'>transcripsit,</span> <span class='ocrx_word' id='word_1_289' title='bbox 1124 3565 1208 3649; x_wconf 88' lang='lat' dir='ltr'>quod</span> <span class='ocrx_word' id='word_1_290' title='bbox 1224 3568 1348 3650; x_wconf 83' lang='lat' dir='ltr'>saepius</span> 
     </span>
     <span class='ocr_line' id='line_1_31' title="bbox 247 3664 925 3748; baseline -0.004 -18"><span class='ocrx_word' id='word_1_291' title='bbox 247 3667 365 3732; x_wconf 85' lang='lat' dir='ltr'>facturn</span> <span class='ocrx_word' id='word_1_292' title='bbox 388 3687 455 3730; x_wconf 87' lang='lat' dir='ltr'>esse</span> <span class='ocrx_word' id='word_1_293' title='bbox 478 3664 511 3727; x_wconf 93' lang='lat' dir='ltr'>in</span> <span class='ocrx_word' id='word_1_294' title='bbox 532 3664 637 3747; x_wconf 90' lang='lat' dir='ltr'>priore</span> <span class='ocrx_word' id='word_1_295' title='bbox 659 3666 762 3748; x_wconf 87' lang='lat' dir='ltr'>capite</span> <span class='ocrx_word' id='word_1_296' title='bbox 780 3665 925 3730; x_wconf 81' lang='lat' dir='ltr'>vidimus.</span> 
     </span>
    </p>

    <p class='ocr_par' dir='ltr' id='par_1_11' title="bbox 247 3767 1348 3954">
     <span class='ocr_line' id='line_1_32' title="bbox 331 3767 1348 3842; baseline 0.002 -10"><span class='ocrx_word' id='word_1_297' title='bbox 331 3767 475 3832; x_wconf 84' lang='lat' dir='ltr'>Relicum</span> <span class='ocrx_word' id='word_1_298' title='bbox 496 3770 564 3842; x_wconf 88' lang='lat' dir='ltr'>est,</span> <span class='ocrx_word' id='word_1_299' title='bbox 600 3771 637 3829; x_wconf 88' lang='lat' dir='ltr'>ut</span> <span class='ocrx_word' id='word_1_300' title='bbox 658 3767 697 3832; x_wconf 87' lang='lat' dir='ltr'>do</span> <span class='ocrx_word' id='word_1_301' title='bbox 719 3767 887 3832; x_wconf 89' lang='lat' dir='ltr'>levioribus</span> <span class='ocrx_word' id='word_1_302' title='bbox 910 3768 1137 3832; x_wconf 88' lang='lat' dir='ltr'>mutationibus</span> <span class='ocrx_word' id='word_1_303' title='bbox 1159 3793 1179 3834; x_wconf 89' lang='lat' dir='ltr'>a</span> <span class='ocrx_word' id='word_1_304' title='bbox 1201 3770 1232 3835; x_wconf 84' lang='lat' dir='ltr'>S.</span> <span class='ocrx_word' id='word_1_305' title='bbox 1255 3771 1348 3836; x_wconf 85' lang='lat' dir='ltr'>factis</span> 
     </span>
     <span class='ocr_line' id='line_1_33' title="bbox 247 3869 1347 3954; baseline 0.002 -19"><span class='ocrx_word' id='word_1_306' title='bbox 247 3891 350 3954; x_wconf 86' lang='lat' dir='ltr'>pauca</span> <span class='ocrx_word' id='word_1_307' title='bbox 371 3869 491 3947; x_wconf 87' lang='lat' dir='ltr'>dicam,</span> <span class='ocrx_word' id='word_1_308' title='bbox 528 3889 609 3950; x_wconf 90' lang='lat' dir='ltr'>quae</span> <span class='ocrx_word' id='word_1_309' title='bbox 631 3891 702 3934; x_wconf 89' lang='lat' dir='ltr'>curn</span> <span class='ocrx_word' id='word_1_310' title='bbox 724 3870 768 3933; x_wconf 90' lang='lat' dir='ltr'>ita</span> <span class='ocrx_word' id='word_1_311' title='bbox 790 3869 855 3932; x_wconf 85' lang='lat' dir='ltr'>sint</span> <span class='ocrx_word' id='word_1_312' title='bbox 875 3875 1099 3953; x_wconf 88' lang='lat' dir='ltr'>comparatae,</span> <span class='ocrx_word' id='word_1_313' title='bbox 1136 3873 1247 3954; x_wconf 89' lang='lat' dir='ltr'>utqui</span> <span class='ocrx_word' id='word_1_314' title='bbox 1268 3894 1347 3937; x_wconf 91' lang='lat' dir='ltr'>nou-</span> 
     </span>
    </p>
   </div>
   <div class='ocr_carea' id='block_1_11' title="bbox 249 4013 453 4020">
    <p class='ocr_par' dir='ltr' id='par_1_12' title="bbox 249 4013 453 4020">
     <span class='ocr_line' id='line_1_34' title="bbox 249 4013 453 4020; baseline -0.01 0"><span class='ocrx_word' id='word_1_315' title='bbox 249 4013 453 4020; x_wconf 73' lang='lat'>——-—-----</span> 
     </span>
    </p>
   </div>
   <div class='ocr_carea' id='block_1_12' title="bbox 246 4073 1340 4407">
    <p class='ocr_par' dir='ltr' id='par_1_13' title="bbox 319 4073 595 4139">
     <span class='ocr_line' id='line_1_35' title="bbox 319 4073 595 4139; baseline -0.007 -13"><span class='ocrx_word' id='word_1_316' title='bbox 319 4073 595 4139; x_wconf 52' lang='lat' dir='ltr'>umnam</span> 
     </span>
    </p>

    <p class='ocr_par' dir='ltr' id='par_1_14' title="bbox 316 4160 1159 4236">
     <span class='ocr_line' id='line_1_36' title="bbox 316 4160 1159 4236; baseline 0.002 -20"><span class='ocrx_word' id='word_1_317' title='bbox 316 4161 338 4226; x_wconf 77' lang='lat'>²)</span> <span class='ocrx_word' id='word_1_318' title='bbox 373 4160 408 4216; x_wconf 77' lang='lat' dir='ltr'>ef.</span> <span class='ocrx_word' id='word_1_319' title='bbox 428 4161 513 4216; x_wconf 81' lang='lat' dir='ltr'>schol.</span> <span class='ocrx_word' id='word_1_320' title='bbox 534 4163 571 4216; x_wconf 83' lang='lat' dir='ltr'>ad</span> <span class='ocrx_word' id='word_1_321' title='bbox 589 4162 630 4216; x_wconf 78' lang='lat' dir='ltr'>El.</span> <span class='ocrx_word' id='word_1_322' title='bbox 651 4181 675 4216; x_wconf 89' lang='lat' dir='ltr'>v.</span> <span class='ocrx_word' id='word_1_323' title='bbox 693 4165 728 4215; x_wconf 79' lang='lat'>46</span> <span class='ocrx_word' id='word_1_324' title='bbox 747 4162 898 4236; x_wconf 76' lang='grc' dir='ltr'><strong><em>δορυξένων</em></strong></span> <span class='ocrx_word' id='word_1_325' title='bbox 917 4161 978 4216; x_wconf 75' lang='grc' dir='ltr'>ἀντὶ</span> <span class='ocrx_word' id='word_1_326' title='bbox 997 4167 1047 4217; x_wconf 80' lang='grc' dir='ltr'>τοῦ</span> <span class='ocrx_word' id='word_1_327' title='bbox 1064 4167 1159 4235; x_wconf 84' lang='grc' dir='ltr'><strong><em>φίλων.</em></strong></span> 
     </span>
    </p>

    <p class='ocr_par' dir='ltr' id='par_1_15' title="bbox 246 4247 1340 4407">
     <span class='ocr_line' id='line_1_37' title="bbox 315 4247 1340 4323; baseline 0.008 -24"><span class='ocrx_word' id='word_1_328' title='bbox 315 4247 338 4314; x_wconf 80' lang='grc'>3)</span> <span class='ocrx_word' id='word_1_329' title='bbox 373 4251 448 4301; x_wconf 88' lang='lat' dir='ltr'>recte</span> <span class='ocrx_word' id='word_1_330' title='bbox 468 4248 502 4302; x_wconf 87' lang='lat' dir='ltr'>de</span> <span class='ocrx_word' id='word_1_331' title='bbox 520 4249 573 4304; x_wconf 89' lang='lat' dir='ltr'>hoc</span> <span class='ocrx_word' id='word_1_332' title='bbox 591 4251 652 4304; x_wconf 91' lang='lat' dir='ltr'>loco</span> <span class='ocrx_word' id='word_1_333' title='bbox 670 4250 775 4304; x_wconf 85' lang='lat' dir='ltr'>iudicat</span> <span class='ocrx_word' id='word_1_334' title='bbox 792 4252 950 4306; x_wconf 86' lang='lat' dir='ltr'>Nauckius:</span> <span class='ocrx_word' id='word_1_335' title='bbox 969 4252 1055 4306; x_wconf 84' lang='lat' dir='ltr'>Jahne</span> <span class='ocrx_word' id='word_1_336' title='bbox 1067 4251 1184 4306; x_wconf 84' lang='lat' dir='ltr'>Jahrbb.</span> <span class='ocrx_word' id='word_1_337' title='bbox 1199 4249 1233 4306; x_wconf 81' lang='lat'>85</span> <span class='ocrx_word' id='word_1_338' title='bbox 1252 4273 1277 4323; x_wconf 86' lang='lat' dir='ltr'>p.</span> <span class='ocrx_word' id='word_1_339' title='bbox 1292 4257 1340 4307; x_wconf 85' lang='grc'>162</span> 
     </span>
     <span class='ocr_line' id='line_1_38' title="bbox 246 4335 1145 4407; baseline 0.004 -19"><span class='ocrx_word' id='word_1_340' title='bbox 246 4335 290 4390; x_wconf 86' lang='lat' dir='ltr'>ein</span> <span class='ocrx_word' id='word_1_341' title='bbox 309 4335 581 4391; x_wconf 81' lang='lat' dir='ltr'>churnkteristisohes</span> <span class='ocrx_word' id='word_1_342' title='bbox 600 4337 743 4406; x_wconf 89' lang='lat' dir='ltr'>Speoimen</span> <span class='ocrx_word' id='word_1_343' title='bbox 761 4339 984 4407; x_wconf 85' lang='lat' dir='ltr'>byzantinischer</span> <span class='ocrx_word' id='word_1_344' title='bbox 1002 4339 1145 4393; x_wconf 87' lang='lat' dir='ltr'>Weisheit.</span> 
     </span>
    </p>
   </div>
   <div class='ocr_carea' id='block_1_13' title="bbox 0 0 1546 5124">
    <p class='ocr_par' dir='ltr' id='par_1_16' title="bbox 0 0 1546 5124">
     <span class='ocr_line' id='line_1_39' title="bbox 0 0 1546 5124; baseline 0 4"><span class='ocrx_word' id='word_1_345' title='bbox 0 0 1546 5124; x_wconf 95' lang='lat' dir='ltr'> </span> 
     </span>
    </p>
   </div>
  </div>
 </body>
</html>
