3084 5124
637 531 639 535 ,
693 477 736 540 43

163 665 289 750 sychius
311 665 463 746 explicat:
494 658 636 750 φυλακή,
661 659 807 750 στρατός.
850 665 955 747 Atque
983 664 1061 730 haec
1083 664 1177 728 lectio
1197 663 1261 727 iam

164 768 205 833 ob
227 789 296 832 eam
318 788 447 832 causam
468 773 631 849 praestat,
668 768 753 849 quod
775 769 960 849 exquisitior
982 772 1081 832 estet
1103 765 1262 831 difficilior

163 871 332 953 explicatu,
353 870 399 932 ita
420 875 456 933 ut
477 870 700 952 grammaticus
722 870 836 952 aliquis
857 871 890 934 in
911 871 968 934 illa
982 869 1171 952 explicanda
1187 868 1262 933 hae-

163 994 232 1037 rere
254 976 286 1035 et
307 991 365 1054 pro
394 965 537 1057 φρουράν
566 965 681 1058 θήραν,
712 971 797 1054 quod
824 972 914 1037 nulla
944 978 1014 1056 eget
1042 971 1261 1054 explicatione,

164 1074 353 1139 substituere
374 1073 520 1154 potuerit.
564 1073 680 1138 Sensus
701 1080 808 1138 autem
828 1074 855 1137 is
877 1080 934 1152 est,
957 1096 1052 1156 quem
1074 1073 1192 1155 optime
1213 1073 1262 1136 in-

163 1181 353 1258 terpretatus
376 1180 424 1238 est
445 1175 634 1240 scholiasta:
665 1174 779 1239 Graeci
805 1175 847 1238 ad
874 1175 1102 1258 explorandum
1124 1175 1263 1239 hostium

164 1277 335 1342 exercitum
369 1276 545 1340 custodiam
582 1282 693 1341 contra
728 1277 834 1341 hostes
870 1278 1045 1354 miserunt,
1083 1279 1171 1341 cuius
1198 1277 1263 1342 dux

164 1379 282 1444 Teucer
303 1378 373 1442 fuit.

248 1507 356 1588 Neque
378 1505 517 1571 dubitari
540 1512 665 1589 potest,
696 1506 772 1588 quin
795 1507 850 1588 qui
872 1506 1012 1571 codicem
1032 1505 1207 1587 descripsit,
1229 1504 1262 1568 in

164 1609 244 1674 Phil.
267 1631 294 1680 v.
306 1609 369 1682 ,538
393 1606 537 1693 στέργειν
558 1604 636 1672 τάδε
658 1609 809 1687 scribens,
831 1610 873 1673 ad
894 1609 989 1674 finem
1004 1608 1139 1690 proximi
1154 1628 1262 1671 versus

73 1751 76 1756 ·
163 1712 370 1789 aberraverit,
403 1732 510 1800 reram
537 1717 642 1776 autem
673 1713 861 1795 scripturam
891 1733 930 1776 ex
952 1711 1080 1775 conlato
1103 1707 1210 1774 codice
1231 1709 1262 1773 S.
1309 1720 1311 1724 ’

163 1813 333 1895 adscripsit
353 1835 399 1897 γρ.
422 1808 514 1876 κακά,

248 1941 329 2004 Phil.
350 1963 379 2005 v.
403 1940 465 2004 853
487 1963 534 2024 pr.
557 1963 599 2004 m.
623 1941 765 2024 scripsit:
788 1935 917 2024 γνώμαν
939 1934 1030 2020 ἔχεις.
1059 1939 1093 2003 in
1123 1939 1264 2022 margine

163 2048 269 2106 autem
291 2047 395 2106 exstat
416 2043 457 2106 ab
479 2042 510 2106 S.
533 2065 604 2108 cum
627 2043 724 2124 signo,
749 2042 791 2105 ad
808 2043 893 2124 quod
914 2041 1043 2107 verbum
1065 2041 1264 2105 referendum

163 2145 214 2221 sit,
236 2143 430 2227 adscriptum
452 2136 563 2226 ἴσχεις,
587 2145 671 2226 quod
694 2165 815 2209 summo
837 2145 904 2209 iure
919 2145 961 2208 ab
977 2143 1121 2208 omnibus
1137 2144 1265 2208 editori-

162 2246 221 2310 bus
241 2252 289 2310 est
309 2252 480 2338 receptum,
504 2246 543 2311 cf.
566 2247 646 2312 Phil.
668 2269 696 2310 v.
713 2247 785 2310 837.

247 2375 329 2439 Phil.
351 2399 378 2439 v.
405 2375 485 2438 1401
517 2397 564 2457 pr.
590 2398 631 2439 m.
661 2371 857 2461 τεθρήνηται
887 2370 996 2458 λόγοις
1022 2373 1052 2438 S.
1076 2380 1181 2438 autem
1208 2373 1265 2437 ad·

163 2477 289 2560 scripsit
310 2499 356 2562 γρ.
380 2473 483 2560 γόοις,
507 2477 591 2559 quod
614 2498 710 2558 quam
731 2477 867 2541 multum
887 2483 1027 2561 praestet
1049 2474 1166 2540 codicis
1187 2476 1265 2539 scri-

163 2585 285 2662 pturae,
301 2587 435 2663 apparet
443 2607 451 2658 ;
474 2580 605 2656 accedit,
628 2579 714 2661 quod
728 2574 821 2662 λόγον
835 2584 867 2644 et
880 2575 954 2663 γόοι
968 2579 1092 2662 saepius
1107 2578 1140 2642 in
1155 2577 1264 2642 codice

163 2703 183 2744 a
205 2681 343 2745 librariis
365 2687 545 2764 permutata
567 2687 650 2759 sunt,
673 2683 712 2746 cf.
735 2682 783 2745 ΕΙ.
806 2705 834 2745 v.
858 2682 929 2744 379.

248 2809 296 2872 ΕΙ.
312 2831 340 2872 v.
356 2808 419 2873 272
441 2832 488 2892 pr.
505 2833 544 2875 m.
568 2802 786 2896 αότοφόντην,
811 2810 841 2874 S.
865 2831 911 2894 γρ.
935 2802 1132 2894 αὐτοέντην,
1169 2828 1264 2905 quam

164 2912 263 2976 multo
286 2912 520 2993 exquisitiorem
543 2913 677 2976 formam
701 2912 873 2976 scholiasta
897 2933 1022 2994 quoque
1037 2913 1070 2976 in
1087 2933 1143 2976 suo
1160 2932 1264 2975 exem-

163 3013 247 3097 plari
268 3013 396 3091 invenit,
419 3015 458 3078 cf.
482 3014 524 3078 ad
545 3037 573 3078 v.
597 3014 669 3078 271.

248 3143 296 3220 ΕΙ.
318 3166 347 3207 r.
373 3143 452 3207 1097
476 3166 523 3227 pr.
546 3166 586 3206 m.
610 3135 728 3229 όὶριστα
749 3150 792 3231 τᾷ
817 3139 906 3222 διός,
940 3142 970 3207 S.
994 3165 1040 3227 γρ.
1064 3133 1182 3227 decora
1203 3163 1264 3204 τα-

165 3240 274 3330 ζηνός,
313 3267 352 3309 ex
385 3265 448 3325 quo
483 3266 590 3310 omnes
619 3247 683 3311 fere
712 3247 848 3311 editores
876 3245 1050 3310 affecerunt
1078 3236 1196 3325 όριστα
1223 3246 1265 3329 τᾷ

165 3342 268 3432 Ζηνός
286 3347 333 3430 ¹),
370 3368 445 3410 nam
473 3346 551 3411 haec
580 3348 676 3412 verba
699 3348 824 3428 saepius
845 3351 1067 3430 permutantur
1088 3345 1122 3409 iu
1145 3345 1263 3422 codice,

165 3449 204 3512 cf.
227 3448 300 3511 Ant.
322 3471 350 3511 v.
376 3449 467 3512 1149.
492 3447 542 3512 Tr.
565 3472 593 3512 v.
617 3448 688 3512 956.

249 3575 297 3638 ΕΙ.
314 3598 341 3638 v.
361 3574 443 3638 1255
464 3597 511 3658 pr.
528 3597 568 3638 m.
591 3571 670 3639 τόδε
693 3570 803 3639 δίκαιον
824 3569 947 3658 χρόνος,
971 3573 1001 3638 S.
1025 3596 1070 3658 γρ.
1088 3569 1166 3638 τόδε
1189 3569 1264 3638 δίκα

163 3672 291 3762 χρόνος,
325 3676 410 3741 haud
433 3677 526 3741 dubie
549 3699 714 3759 perperam
736 3679 889 3759 scriptum
911 3676 968 3758 pro
990 3673 1069 3741 τάδε
1091 3671 1166 3763 δίκᾳ
1186 3672 1263 3761 χρό-

165 3803 228 3856 νος,
250 3779 335 3860 quod
357 3785 456 3844 metro
478 3777 640 3861 flagitatur
661 3779 778 3842 etiam
799 3801 819 3842 a
833 3777 982 3843 Triclinio
1004 3781 1184 3843 restitutum
1206 3783 1262 3842 est.

249 3908 306 3972 His
339 3909 435 3991 igitur
469 3908 683 3991 duodeviginti
711 3907 788 3972 locis
817 3907 981 3989 Sophoclis
1013 3915 1117 3972 textus
1155 3908 1264 3973 lectio-

165 4010 257 4074 nibus
286 4032 306 4074 a
334 4010 364 4076 S.
393 4010 561 4093 adscriptis
590 4009 752 4075 emendari
780 4015 892 4091 potest.
947 4009 1039 4075 Nunc
1068 4010 1136 4074 sola
1164 4014 1264 4074 restat

220 4261 239 4328 ΙΙ
263 4259 395 4316 Kvidalae
419 4264 584 4330 coniectura,
602 4257 700 4333 όριστιι
718 4262 780 4331 τᾷδ’
794 4258 883 4322 'istria
903 4263 1056 4332 scribentis,
1074 4263 1120 4318 vix
1139 4281 1263 4334 compro·

166 4349 227 4402 bari
244 4353 344 4417 potest,
363 4348 397 4403 cl.
415 4350 434 4402 Ι.
454 4351 472 4403 Ι.
491 4369 517 4419 p.
536 4354 578 4404 69.
805 4347 808 4352 '
