3084 5124
691 461 734 526 45

164 649 219 730 qui
240 654 272 714 et
293 654 415 712 textum
437 654 468 712 et
482 647 602 712 scholia
609 649 817 728 continuerit,
839 650 960 714 scholia
975 656 1006 714 et
1019 651 1180 714 variarum
1200 650 1264 714 lec·

162 751 286 814 tionum
308 750 553 832 discrepantiam
574 751 819 833 transcripsisse.
862 752 922 816 Hic
944 757 1049 817 autem
1071 752 1170 818 codex
1185 773 1264 834 qua-

163 854 202 917 lis
224 853 328 931 fuerit,
350 854 403 917 vix
425 853 487 917 dici
509 859 622 934 potest,
646 853 701 917 sed
723 855 861 918 conicias
882 853 1015 918 fortasse
1037 875 1109 918 eum
1130 853 1173 917 ad
1188 875 1263 917 ean-

164 955 235 1019 dem
256 955 427 1034 familiam,
456 977 495 1020 ex
517 977 582 1037 qua
602 955 696 1020 Laur.
719 957 910 1040 archetypus
931 954 1038 1032 fluxit,
1064 955 1263 1038 pertinuisse,

163 1079 235 1120 cnm
256 1064 388 1139 uterque
417 1059 451 1120 in
480 1057 624 1139 plurimis
653 1059 737 1122 vitiis
766 1059 960 1122 consensisse
991 1057 1144 1122 videatur.
1186 1057 1263 1120 For-

162 1165 247 1223 tasse
276 1181 400 1240 quoque
429 1181 468 1222 ex
498 1159 561 1223 illis
593 1160 869 1225 emendationibus
899 1165 931 1224 et
950 1161 1045 1224 variis
1067 1159 1263 1236 lectionibus
1310 1209 1314 1220 .

162 1281 243 1344 quas
258 1261 288 1325 S.
311 1261 489 1342 adscripsit,
512 1261 658 1325 concludi
679 1267 793 1343 potest,
815 1260 905 1326 illum
930 1262 1164 1341 codicemque
1187 1281 1263 1324 usus

162 1367 228 1440 est,
261 1363 399 1428 melioris
421 1368 516 1427 notae
543 1363 639 1427 fuisse
661 1385 754 1444 quam
778 1363 873 1427 Laur.
916 1362 1059 1443 Denique
1080 1368 1137 1426 aut
1158 1361 1263 1440 fallor,

162 1468 219 1526 ant
248 1463 312 1527 iam
341 1465 375 1527 in
403 1465 459 1528 illo
489 1464 617 1529 conlato
646 1466 754 1530 codice
775 1471 902 1547 praeter
924 1464 1045 1529 scholia
1065 1465 1099 1527 in
1120 1465 1262 1546 margine
1286 1524 1289 1528 ,

163 1566 341 1647 complures
355 1568 572 1648 'recentiorum
592 1568 870 1650 grammaticorum
892 1567 1112 1630 annotationes
1135 1571 1167 1630 et
1188 1586 1263 1630 oon-

161 1669 320 1746 iecturae,
353 1669 392 1732 de
418 1669 532 1750 quibus
553 1675 648 1734 antea
669 1669 823 1747 diximus,
860 1669 942 1732 sicut
963 1667 1135 1732 nonnullae
1156 1667 1263 1731 variae

162 1769 313 1834 lectiones
342 1777 399 1834 ant
426 1771 536 1835 addita
563 1777 619 1834 aut
643 1772 758 1834 omissa
780 1772 860 1854 sigla
882 1792 928 1854 γρ.
952 1769 1131 1852 adscriptae
1161 1774 1262 1846 erant,

162 1891 242 1951 quas
258 1892 365 1935 omnes
381 1871 422 1950 S,
437 1873 526 1937 nullo
541 1873 655 1937 indicio
672 1873 824 1952 adhibite,
846 1871 1058 1952 transcripsit,
1081 1871 1167 1935 haud
1187 1891 1262 1936 raro

161 1971 373 2054 neglegenter,
396 1974 481 2055 quod
502 1974 605 2040 multa
619 1973 778 2038 scribendi
791 1975 869 2038 vitia
882 1995 902 2036 a
917 1973 947 2037 S.
964 1974 1131 2038 commissa
1152 1979 1260 2053 aperte

162 2074 391 2138 demonstrant.

247 2681 334 2758 Quae
362 2683 397 2745 in
425 2681 553 2746 scholiis
583 2684 659 2766 ipsis
690 2689 833 2748 servatae
863 2689 937 2747 sunt
965 2683 1072 2748 variae
1100 2683 1260 2762 lectiones

162 2803 354 2864 quamquam
376 2784 495 2848 maiore
516 2784 665 2849 fruuntur
680 2785 880 2862 auctoritate,
902 2805 999 2866 quam
1023 2785 1107 2862 illae,
1130 2785 1169 2850 de
1190 2787 1260 2866 qui-

162 2883 222 2947 bus
244 2884 337 2948 modo
359 2884 515 2962 diximus,
552 2892 657 2950 tamen
686 2886 729 2956 ad
751 2885 916 2968 Sophoclis
944 2885 1040 2952 verba
1062 2885 1260 2954 emendanda

161 2987 313 3050 maiorem
341 2987 509 3052 utilitatem
537 3009 602 3052 non
627 2987 771 3054 afferunt.
815 2988 938 3054 Publici
968 2989 1051 3053 enim
1072 2989 1260 3071 exemplaris

161 3085 342 3152 fabularum
364 3088 548 3172 Sophoclis,
585 3090 670 3172 qnod
698 3091 842 3174 Lycurgo
872 3096 1002 3156 auctore
1024 3091 1156 3156 Athenis
1185 3112 1261 3156 oon-

161 3189 278 3253 feotum
300 3196 401 3255 estet
427 3196 539 3272 postea
559 3192 786 3257 Alexandriam
814 3194 916 3270 venit,
953 3192 1043 3257 nulla
1069 3192 1102 3256 in
1133 3192 1261 3258 scholiis

161 3293 279 3355 mentio
308 3291 395 3356 facta
424 3299 480 3356 est.
524 3293 642 3357 Verum
671 3294 734 3357 iam
762 3294 820 3358 illo
848 3300 1009 3376 tempore,
1046 3314 1109 3375 quo
1139 3294 1261 3359 scholia

160 3399 271 3458 nostra
287 3400 359 3458 orta
376 3401 458 3472 sunt,
481 3393 605 3458 codices
627 3396 766 3460 mehoris
788 3402 821 3460 et
842 3397 956 3479 peioris
979 3400 1072 3460 notae
1094 3396 1260 3474 exstitisse,

161 3501 294 3576 apparet
319 3517 357 3559 ex
379 3496 499 3560 scholio
521 3497 564 3561 ad
593 3497 629 3561 0.
651 3497 684 3562 Ο.
705 3521 734 3561 v.
758 3497 821 3561 390
850 3495 883 3561 ἕν
905 3499 976 3573 τοῖς
997 3489 1260 3581 ἀναγκαιοτέρας

161 3600 226 3660 τῶν
248 3589 454 3684 ἀντιγράφων
476 3620 543 3683 γα,
581 3605 677 3680 atque
699 3599 791 3664 alteri
813 3599 1004 3663 schohorum
1025 3599 1173 3680 scriptori
1193 3619 1259 3662 me-

161 3697 256 3762 liores
278 3699 400 3764 codices
430 3721 494 3764 non
516 3700 558 3765 ad
584 3723 713 3766 manum
739 3701 854 3780 lmese,
877 3702 1074 3766 demonstrat
1095 3701 1259 3764 annotatio

162 3798 204 3860 ad
226 3799 261 3862 0.
285 3798 317 3862 O.
339 3824 367 3864 v.
393 3801 475 3866 1560
497 3799 677 3890 ἐπιστῆσαι
698 3793 754 3867 οὖν
775 3796 875 3884 ἄξιον,
898 3799 1059 3887 λαβόντας
1080 3797 1179 3866 καλὸν
1200 3794 1259 3864 ἄν·
1335 3874 1343 3886 ⁶

161 3895 329 3986 τίγραφον.
390 3903 493 3980 Quare
522 3926 594 3970 cum
622 3907 686 3971 iam
713 3907 794 3972 illud
820 3907 956 3990 Lycurgi
986 3904 1147 3987 exemplar
1174 3904 1259 3970 vitiis

161 4023 226 4068 non
247 4003 381 4068 liberum
403 4006 500 4072 fuisse
520 4008 665 4074 rideatur
684 4011 720 4094 ¹),
743 4008 836 4074 facile
858 4008 1060 4091 intellegitur,
1082 4026 1179 4090 qnam
1201 4005 1259 4072 de·

159 4143 363 4154 με

231 4241 252 4296 ¹)
289 4239 320 4293 0.
338 4241 427 4294 Korn:
452 4241 486 4294 de
505 4242 616 4310 publico
634 4244 762 4312 Aeschyli
781 4245 922 4314 Sophoclis
941 4245 1083 4315 Euripidis
1101 4246 1257 4301 fabularum

159 4329 310 4396 exemplari
327 4332 379 4382 eto.
414 4329 494 4381 Bonn
514 4331 591 4382 1863.
625 4347 652 4398 p.
671 4333 712 4383 24.
