3084 5124
822 437 863 500 36

292 627 396 708 potuit
423 645 488 690 non
509 624 689 689 adscribere
711 623 754 688 ad
775 624 892 689 codicis
918 625 1030 689 verba:
1057 619 1144 711 τήνδ’
1167 618 1286 688 ἔθεσθ’
1314 621 1392 687 ἑπι-

294 723 455 814 στροφήν,
490 747 571 810 quae
599 725 686 790 haud
712 725 806 792 dubie
832 733 918 792 recte
940 747 973 791 se
994 725 1122 791 habent.
1167 725 1236 790 Hac
1258 725 1393 790 Nauckii

292 828 475 896 coniectura
497 828 553 892 illa
574 829 663 892 varia
684 829 861 911 scriptura,
898 849 994 910 quam
1023 827 1115 892 multi
1142 828 1284 892 homines
1307 827 1393 892 docti

292 930 411 996 frustra
432 931 591 1013 explicare
613 930 811 1010 studuerunt,
833 931 950 1013 optime
970 930 1156 1014 explicatur.

378 1057 557 1125 Nonnullae
585 1065 692 1128 autem
713 1060 819 1125 variae
849 1060 1020 1137 lectiones,
1057 1079 1135 1140 quas
1159 1057 1189 1122 S.
1213 1057 1392 1140 adscripsit,
1512 1149 1515 1157 .

290 1164 494 1229 inveniuntur
515 1182 640 1244 quoque
661 1162 695 1225 in
717 1162 960 1226 scholiastarum
982 1159 1257 1238 annotationibus,
1285 1165 1322 1223 ut
1343 1159 1391 1242 hi.

290 1287 318 1330 v.
342 1265 404 1329 309
432 1285 480 1348 pr.
510 1285 552 1328 m.
585 1258 762 1350 ἕρειφθείς.
808 1263 838 1327 S.
867 1284 914 1349 γρ.
938 1257 1119 1348 ἐρεισθείς,
1158 1261 1197 1324 cf.
1228 1260 1326 1324 schol.
1348 1261 1391 1324 ad

290 1389 318 1432 v.
331 1367 408 1432 308:
430 1365 516 1443 τινὲς
538 1362 575 1430 δὲ
595 1357 758 1452 ἐρεισθεὶς
772 1361 941 1451 γράφουσι,
966 1355 1036 1430 οἷον
1059 1359 1318 1450 ἐπερεισάμενος.
1343 1362 1390 1426 Ai.

221 1522 223 1524 .
289 1490 318 1533 v.
335 1468 419 1531 1056
440 1489 487 1550 pr.
504 1489 545 1532 m.
561 1460 606 1545 οἷς
620 1465 689 1532 ἕλοι
711 1463 791 1553 δορί.
815 1467 846 1531 S.
862 1490 909 1552 γρ.
927 1461 972 1544 dg
984 1461 1150 1551 ἐλοιδόρει,
1177 1465 1216 1530 cf.
1233 1464 1331 1529 schol.
1347 1457 1392 1539 ὡς

290 1564 536 1657 λοιδορούμενος
558 1564 793 1657 ἐπηγγείλατος
828 1571 965 1652 genuina
994 1570 1151 1651 scriptura
1179 1566 1266 1632 haud
1296 1564 1391 1629 dubie

290 1678 354 1737 est:
384 1667 453 1736 ἕλοι
476 1667 581 1756 δόρει,
606 1691 702 1752 quam
724 1671 895 1736 scholiasta
923 1693 981 1756 pro
1007 1692 1071 1735 uno
1099 1670 1256 1751 accipiens
1282 1667 1391 1744 verbo,

289 1793 434 1856 perverse
455 1773 632 1856 explicavit.
661 1772 697 1837 0.
714 1773 747 1838 C.
769 1797 797 1838 v.
817 1775 899 1838 1220
920 1796 967 1857 pr.
984 1795 1025 1836 m.
1049 1768 1222 1854 ἐπίκουρος
1244 1769 1274 1835 S.
1298 1762 1392 1850 οἴμαι

289 1870 393 1962 κόρος,
418 1895 514 1958 quam
525 1875 737 1940 coniecturam
760 1896 828 1939 esse
849 1875 984 1940 fortasse
998 1880 1098 1958 putes,
1122 1873 1176 1938 sed
1192 1873 1390 1942 demonstrat

289 1976 449 2041 scholion:
486 1972 584 2040 τοῦτό
606 1973 738 2041 ἔστιτὸ
761 1971 845 2064 ἑξῆς·
868 1967 939 2042 οἷον
962 1971 1038 2042 οόδὲ
1061 1972 1177 2041 ἔπεσι-ι
1199 1967 1311 2050 αὐτοῖς
1333 1968 1392 2035 κό-

289 2100 354 2163 ρος,
380 2127 387 2142 .
411 2126 418 2143 .
444 2127 451 2140 .
476 2073 515 2142 ου’
538 2073 724 2144 παύσονται
745 2083 804 2143 τοῦ
825 2074 931 2164 κόρου,
954 2076 1034 2163 πρὶν
1055 2076 1089 2156 ἐς
1110 2073 1258 2141 θάνατον
1280 2071 1391 2140 stew-

290 2200 361 2259 σιν,
400 2185 537 2244 veterem
559 2180 642 2244 hanc
664 2179 760 2245 fuisse
781 2183 903 2245 variam
925 2181 1101 2245 lectionem.
1146 2179 1261 2244 Utrum
1283 2182 1390 2241 autem

289 2280 437 2346 librarius
460 2283 549 2360 haec,
570 2287 607 2346 ut
626 2281 675 2345 El.
699 2304 727 2346 v.
750 2282 823 2346 272.
860 2283 933 2347 Ant.
956 2306 984 2347 v.
1009 2283 1079 2361 153,
1102 2282 1141 2347 de
1164 2280 1278 2363 quibus
1307 2279 1386 2343 locis

289 2389 399 2466 postea
421 2383 588 2448 dicendum
611 2385 689 2462 erit,
722 2405 762 2448 ex
783 2383 904 2447 scholio
926 2385 1132 2468 excerpserit,
1165 2403 1207 2446 an
1227 2382 1262 2445 in
1284 2379 1393 2444 codice

289 2485 396 2568 aliquo
418 2486 582 2564 invenerit,
605 2487 658 2550 vix
680 2485 846 2550 diiudicari
868 2491 989 2569 potest3
1027 2485 1082 2550 sed
1104 2486 1131 2550 si
1153 2483 1297 2549 conferas
1318 2482 1393 2546 Ant.

499 2582 532 2639 ὅν

288 2678 317 2722 v.
340 2655 403 2720 970
424 2677 472 2739 pr.
494 2648 535 2720 ἵν’
557 2648 759 2741 ἀγχίπτολις.
795 2653 832 2722 όν
864 2657 1084 2740 superscripsit
1105 2654 1136 2719 S.
1160 2676 1232 2720 cum
1254 2653 1393 2718 scholio:

1141 2777 1159 2812 a

155 2813 161 2824 ’
289 2823 364 2892 ὅσοι
386 2826 422 2891 δὲ
443 2849 490 2912 γρ.
514 2816 671 2915 όοἌρης.
696 2835 728 2894 et
750 2829 801 2894 Tr.
823 2852 852 2894 v.
869 2829 931 2893 602
952 2822 1046 2893 τόνδε
1067 2820 1094 2912 y'
1109 2821 1228 2919 ‚calvenir
1252 2846 1394 2908 asuper-

290 2929 416 3012 scripsit
438 2929 468 2993 S.
501 2950 573 2994 cum
599 2931 739 2996 schoh0:
771 2953 818 3018 γρ.
842 2925 932 3017 ridor}
953 2924 1027 2994 ἀντὶ
1048 2934 1107 2994 τοῦ
1131 2979 1137 2993 .
1163 2979 1170 2992 .
1196 2978 1202 2991 .
1227 2978 1256 3006 .,
1291 2928 1393 2992 multo

290 3030 488 3094 verisimilior
510 3051 547 3094 ea
569 3028 606 3094 fit
628 3034 794 3111 sententia,
817 3032 902 3115 quod
924 3031 954 3097 S.
971 3033 1068 3098 etiam
1089 3053 1128 3097 ex
1144 3031 1271 3096 scholiis
1287 3031 1393 3094 varias

292 3130 442 3197 lectiones
465 3138 497 3197 et
518 3133 710 3199 mutationes
732 3135 886 3200 sumserit.

375 3277 447 3344 Non
469 3284 575 3345 autem
598 3279 740 3345 omnium
754 3281 915 3345 variarum
929 3281 1101 3346 lectionum
1116 3281 1204 3363 origo
1218 3286 1286 3346 tam
1300 3283 1392 3362 ¹aper·

290 3387 324 3445 ta
345 3386 413 3458 est,
448 3401 543 3462 quam
565 3403 696 3461 earum,
729 3403 809 3464 quas
831 3382 925 3446 modo
946 3382 1206 3465 perlustravimus
1217 3411 1226 3461 ;
1254 3383 1393 3448 dubitari

290 3483 374 3547 enim
403 3488 526 3564 potest,
560 3505 637 3548 num
659 3504 699 3548 ex
721 3486 903 3550 coniectura
924 3505 966 3548 an
987 3505 1093 3549 errore
1115 3485 1239 3550 librarii
1259 3490 1329 3548 crta
1351 3485 1394 3548 sit

284 3585 378 3664 ¹varia
405 3584 499 3649 lectio
525 3584 568 3648 ad
590 3584 626 3650 0.
648 3586 686 3650 R.
708 3608 737 3650 v.
762 3586 857 3650 1401:
886 3576 948 3674 ἆρά
976 3608 1039 3669 μου
1064 3580 1228 3674 μέμνησό)
1259 3581 1312 3651 ότι
1333 3585 1393 3650 ad·

291 3687 409 3769 scripta
437 3685 467 3752 S.
490 3707 536 3770 γρ.
560 3681 647 3751 όταν.
704 3685 773 3752 Ηοο
800 3689 883 3753 enim
912 3687 1100 3771 Sophoclem
1126 3709 1192 3753 non
1224 3689 1390 3772 scripsisse

290 3810 330 3854 ex
350 3809 387 3852 eo
409 3792 519 3871 patet,
558 3788 643 3870 quod
669 3784 747 3854 όταν
768 3791 926 3872 particula
946 3795 1073 3854 tantum
1094 3791 1180 3873 apud
1200 3793 1392 3873 posteriores

291 3910 421 3972 graecos
433 3891 612 3972 scriptores,
634 3892 820 3973 praesertim
841 3891 926 3974 apud
940 3892 1130 3957 scholiastes
1144 3893 1301 3957 invenitur
1317 3911 1389 3954 cum

290 3990 463 4056 indicativo
484 3992 670 4071 coniuncta3
692 3993 747 4057 sed
769 4015 840 4058 cum
861 3994 895 4057 in
916 3994 1075 4057 nonnullis
1091 3993 1250 4058 codicibus
1269 3988 1322 4057 ἔτι
1343 3993 1389 4056 le-

291 4098 386 4176 gatur
406 4099 438 4156 et
460 4093 528 4158 cod.
550 4095 635 4177 hips.
658 4095 852 4178 adscriptum
873 4095 990 4159 habeat
1013 4092 1076 4180 ζήι.
1093 4096 1112 4158 i.
1129 4117 1155 4159 e.
1173 4095 1291 4182 ζητέοι,
1315 4113 1391 4159 con-

291 4195 374 4258 icere
395 4195 514 4276 possis,
547 4197 770 4278 grammaticos
791 4197 982 4261 recentiores
1004 4196 1043 4260 de
1064 4199 1299 4261 constructione
1320 4216 1391 4260 ver-

291 4295 414 4376 borum,
437 4315 519 4378 quae
540 4297 621 4362 nihil
643 4297 839 4364 difficultatis
861 4298 967 4377 habet,
988 4297 1150 4364 laborasse
1172 4304 1204 4362 et
1226 4297 1311 4380 quod
1332 4296 1391 4362 ad-
