3084 5124
802 426 844 488 42

360 611 472 684 Traoh.
495 635 523 676 v.
545 612 610 676 570
637 635 684 696 pr.
717 634 757 676 m.
789 607 845 676 ἐὰν
877 614 986 697 oodric
1017 611 1139 676 librarii
1168 633 1274 678 errore
1304 636 1375 678 cor-

277 719 405 798 ruptum
427 737 466 778 cx
490 711 546 778 ἐὰν
568 710 690 800 widapa,
729 715 814 796 quod
843 736 927 778 nuuc
955 715 988 778 iu
1018 713 1163 779 omuibus
1185 715 1375 780 editionibus

276 817 391 900 legitur
411 822 443 880 et
466 817 496 882 S.
519 817 725 900 adscripsisse
745 817 870 881 videtur
890 815 936 899 γρ.
960 811 1016 880 ἐὰν
1038 838 1089 893 σι,
1112 817 1243 899 reliquis
1265 818 1375 898 literis,

276 940 357 1000 quae
379 919 465 982 haud
487 917 581 984 dubie
602 923 663 1005 θην
686 919 822 995 fuerunt,
845 918 971 982 macula
994 918 1178 982 obscuratis.

360 1021 471 1084 Trach.
494 1043 521 1084 v.
539 1021 650 1084 1005b
672 1043 719 1102 pr.
744 1043 785 1084 m.
809 1015 1033 1097 ddoacvor,·S.
1058 1041 1103 1102 γρ.
1126 1015 1276 1098 ὕστατον,
1300 1045 1375 1086 uam

276 1121 318 1186 ad
339 1122 400 1186 hoc
421 1123 571 1200 verbum,
604 1143 668 1185 non
690 1121 732 1186 ad
753 1118 934 1205 δύσμορον,
971 1121 1056 1203 quod
1077 1121 1244 1186 Elmsleius
1265 1123 1374 1200 voluit,

276 1229 362 1288 recte
382 1223 582 1289 Hermannus
604 1224 687 1288 hauc
708 1224 874 1288 lectionem
896 1223 1004 1287 retulit
1026 1229 1058 1288 et
1079 1224 1226 1306 vulgatae
1248 1231 1376 1308 praetu-

277 1326 323 1403 lit,
345 1347 366 1390 a
387 1327 494 1390 multis
517 1326 696 1390 hominibus
717 1326 818 1390 doctis
841 1325 1002 1407 probatus.

361 1428 408 1491 Αἰ.
432 1452 464 1492 r.
488 1428 551 1491 564
589 1428 752 1508 δυσμενῶν
785 1422 892 1514 θήραν
926 1423 1006 1507 ἔχων
1048 1427 1078 1492 S.
1117 1429 1285 1511 adscripsit
1327 1451 1372 1513 γρ.

277 1525 439 1616 φρουράν,
478 1530 562 1611 quod
589 1530 719 1593 verbum
740 1529 917 1594 Wunderus
946 1535 977 1594 et
998 1528 1145 1594 Wolffius
1167 1552 1232 1594 non
1253 1533 1375 1596 variam

276 1632 453 1709 lectionem,
476 1632 531 1695 sed
560 1631 648 1695 verbi
671 1627 778 1718 θήραν
807 1632 1049 1715 explicationem
1079 1654 1145 1697 esse
1174 1638 1375 1715 putaverunt,

277 1734 327 1797 cui
358 1734 531 1798 sententiaa
561 1734 705 1815 equidem
733 1735 879 1799 assentiri
905 1755 969 1798 uon
998 1755 1136 1816 possum.
1188 1734 1264 1810 Quis
1292 1735 1376 1800 enim

276 1835 372 1899 verba
394 1831 500 1922 θήραν
523 1831 602 1916 ἔχων
624 1836 796 1916 δυσμενῶν,
821 1857 902 1917 quae
924 1836 1004 1899 nihil
1025 1835 1205 1919 significant
1227 1837 1287 1900 nisi
1310 1841 1375 1922 δη-

276 1933 419 2020 ρῶμενος
434 1938 602 2019 δυσμενεῖς
616 1938 787 2020 explicabit
800 1939 918 2002 verbis:
941 1934 1084 2024 φρουρὰν
1106 1934 1185 2018 dictor
1200 1937 1374 2018 δυσμενῶν,

277 2061 357 2122 quac
378 2041 476 2105 rerba
497 2040 597 2104 multo
619 2039 798 2104 difficiliora
822 2046 895 2104 sunt
916 2040 1091 2121 explicatu,
1119 2061 1213 2121 quam
1235 2061 1376 2120 eaquae

277 2143 435 2224 explicare
457 2142 595 2206 debent?
638 2141 739 2224 Igitur
767 2137 908 2227 φρουράν
937 2143 1118 2205 coniectura
1147 2148 1195 2207 est
1218 2163 1377 2224 gramma-

277 2245 355 2308 tici?
398 2243 507 2326 Neque
528 2244 589 2308 hoc
611 2243 755 2325 equidem
777 2243 968 2325 putaverim,
1002 2264 1077 2306 nam
1099 2246 1169 2325 quis
1192 2245 1377 2326 grammati·

278 2367 342 2424 σου,
366 2347 420 2429 qui
435 2341 541 2432 θήραν
559 2341 638 2426 ἔλων
659 2347 735 2428 legit
757 2346 791 2408 iu
812 2344 915 2419 verbis
937 2351 1002 2408 tam
1025 2346 1198 2426 perspicuis
1218 2345 1375 2411 offendero

277 2449 404 2531 potuit?
448 2447 587 2525 Accedit,
610 2448 696 2529 quod
716 2469 756 2511 ne
779 2447 950 2511 scholiasta
972 2446 1098 2527 quidem
1119 2448 1160 2512 ad
1182 2471 1210 2512 v.
1233 2447 1307 2526 563,
1335 2449 1376 2512 ad

277 2573 370 2633 quem
392 2549 537 2613 Wolffius
560 2550 711 2632 confugit,
733 2545 840 2634 θήραν
862 2549 972 2630 legisse
993 2548 1135 2627 videtur3
1172 2550 1248 2614 dicit
1277 2551 1376 2615 enim:

277 2648 423 2738 φυλακὴν
444 2647 524 2732 ἔλων
544 2654 609 2714 τῶν
632 2648 775 2735 ἐχθρῶν·
805 2648 893 2734 λέγοι
916 2643 946 2713 d'
968 2643 1007 2713 δν
1027 2654 1094 2713 τῶν
1121 2652 1269 2738 Θρᾳκῶν,
1300 2649 1378 2737 περὶ

277 2749 336 2839 γὰρ
368 2751 410 2817 τὰ
440 2753 609 2819 τελευταῖα
638 2757 697 2818 τοῦ
722 2756 868 2837 Τρωϊκοῦ
897 2752 1045 2834 πολέμου
1076 2749 1278 2834 ε’συμμάχουν
1306 2757 1377 2831 τοῖς

281 2853 406 2940 Τρωσὶν
429 2851 460 2918 ολ
487 2858 625 2942 Θρᾷκες·
660 2851 788 2938 γνόντες
810 2852 846 2918 δὲ
868 2859 965 2918 τοῦτο
987 2849 1019 2917 οἳ
1034 2850 1193 2940 Ἕλληνες,
1218 2851 1377 2941 φρούρους

278 2953 394 3036 ἔταξαν
416 2954 683 3042 νερομηνύσονυας
705 2950 819 3032 αὐτοῖς
840 2953 898 3042 τὴν
921 2951 1051 3020 ἐκείνων
1074 2951 1207 3042 ἔφοδον,
1243 2957 1297 3021 ἵνα
1319 2955 1375 3022 οῧ-

278 3081 342 3134 τως
363 3054 572 3134 ἐσελθόντες,
603 3054 686 3120 κατὰ
714 3053 772 3142 τὴν
798 3053 875 3121 ὁδὸν
897 3054 1107 3140 συμβάλωσιν
1128 3051 1258 3138 αὐτοῖς,
1299 3057 1377 3145 πρὶν

278 3157 390 3223 ἐλθεῖν
413 3151 581 3236 εἶς”λλιονΙ
627 3160 686 3236 Qui
713 3161 872 3241 putaverit
898 3161 1101 3224 scholiastam
1124 3161 1167 3225 ad
1188 3161 1376 3244 explicanda

277 3259 374 3324 verba
401 3255 508 3346 θήραν
544 3257 622 3342 ἔχων
656 3254 740 3326 hauc
775 3262 902 3326 doctam
934 3263 1172 3326 annotationem
1205 3257 1376 3347 scripsisse,

278 3362 363 3426 haud
386 3363 479 3428 dubie
501 3364 600 3428 falsus
623 3369 680 3441 est,
702 3386 777 3426 uam
798 3363 894 3427 verba
915 3364 972 3427 illa
993 3369 1059 3427 tam
1081 3364 1178 3446 plana
1200 3372 1274 3430 suut
1289 3372 1321 3430 et
1335 3366 1376 3430 ad

277 3487 344 3529 rem
366 3471 529 3546 spectant,
567 3487 647 3547 quae
677 3463 817 3544 quotidie
839 3465 871 3527 in
894 3464 978 3528 bello
1000 3459 1136 3529 Troiano
1158 3467 1300 3531 accidere
1321 3488 1377 3548 po-

277 3567 348 3644 tuit,
370 3571 406 3630 ut
427 3567 644 3649 explicationis
667 3588 763 3631 causa
785 3567 827 3630 ad
849 3574 969 3631 certum
993 3567 1152 3648 quoddam
1167 3569 1287 3632 factum
1303 3590 1377 3632 con-

277 3667 386 3751 fugere
408 3689 472 3731 non
495 3674 662 3751 oporteret.
708 3669 790 3745 Quid
810 3673 907 3733 vero?
931 3669 1102 3733 scholiasta
1125 3669 1250 3733 disertis
1272 3669 1375 3734 verbis

278 3770 355 3834 dicit
364 3765 523 3854 φρούρους
531 3766 705 3849 statario.
715 3771 927 3853 speculatores
935 3771 1138 3835 miseruntad
1146 3770 1375 3854 explorandum

278 3871 434 3936 Thracum
456 3873 627 3938 exercitum
649 3880 680 3938 et
701 3873 790 3936 initio
812 3874 912 3950 illum,
935 3894 1028 3954 quem
1043 3873 1164 3950 habuit,
1186 3879 1309 3937 textum
1324 3893 1377 3937 ox-

278 3972 375 4054 plicat
398 3972 543 4061 ωυλακὴν
565 3970 645 4056 ἔλων
665 3979 730 4038 σῶν
753 3972 897 4059 ἐχθρῶν,
932 3976 1001 4056 quis
1024 3980 1129 4039 autem
1150 3970 1257 4062 θήραν
1279 3975 1375 4038 verbo

279 4071 423 4160 φυλακὴν
453 4077 645 4161 explicabit?
681 4071 788 4162 θήραν
815 4077 911 4158 igitur
933 4076 1103 4140 scholiasta
1124 4077 1235 4159 legisse
1257 4077 1375 4158 nequit.

280 4176 393 4248 Omnia
423 4185 527 4242 autem
554 4181 633 4244 bene
662 4201 695 4244 se
722 4179 841 4243 habent
863 4184 894 4243 et
915 4184 984 4266 tota
1006 4179 1170 4242 annotatio
1192 4179 1233 4243 ad
1255 4184 1380 4244 textum·

280 4278 426 4361 quadrat,
451 4281 477 4344 si
498 4285 630 4358 statuas
652 4303 724 4345 eum
746 4275 889 4368 φρουράν
910 4280 1032 4364 legisse,
1056 4279 1142 4360 quod
1163 4280 1292 4346 verbum
1315 4279 1378 4346 He·
