3084 5124
692 505 730 567 11

161 692 289 758 scholiis
311 692 418 757 deberi
439 691 495 756 sed
516 690 632 758 codicis
655 714 779 774 quoque
803 693 865 756 hui
880 693 1078 758 auctoritato.
1123 693 1162 758 of.
1178 693 1259 759 Phil.

159 820 188 861 v.
204 795 275 860 893.
298 793 445 859 Wolffius
467 817 497 876 p.
514 794 564 859 80.
1138 785 1140 789 ’

244 897 385 976 Accedit,
409 897 494 980 quod
515 903 588 981 post
598 897 762 963 Wolffium
783 919 891 963 omnes
914 898 979 964 fere
1000 898 1136 964 editores
1158 904 1191 965 et
1211 900 1260 964 in-

157 1006 312 1084 terpretes
327 1000 492 1082 Sophoclis
514 1005 664 1084 corrupta
684 1001 781 1066 verba
803 1000 994 1065 scholiorum
1016 1001 1135 1066 auxilio
1155 1023 1260 1067 emen·

159 1105 236 1172 dare
258 1103 457 1180 studuerunt,
480 1107 576 1184 atque
596 1101 683 1167 haud
704 1123 780 1167 raro
799 1125 838 1167 ex
859 1125 922 1168 uno
944 1105 1116 1187 eodemque
1138 1104 1259 1169 scholio

160 1207 386 1274 diversissimas
407 1208 557 1269 eruerunt
579 1205 799 1297 coniecturas,
836 1227 917 1288 quae
941 1227 1048 1271 omnes
1070 1205 1259 1271 scholiastae

159 1310 380 1376 auctoritatam
403 1307 463 1372 sibi
484 1306 654 1371 vindicant.
698 1307 765 1372 Has
795 1330 902 1373 omnes
933 1310 1129 1374 coniecturas
1159 1330 1259 1390 quan-

158 1419 227 1478 tum
248 1413 282 1476 in
303 1416 394 1475 tanta
414 1410 505 1493 copia
519 1409 682 1473 hominum
697 1410 871 1490 doctorum,
895 1412 949 1493 qui
966 1410 1116 1493 Sophocli
1131 1430 1259 1493 operam

158 1519 286 1592 navant,
308 1512 377 1577 fieri
398 1513 502 1594 potuit
522 1511 645 1594 conlegi
666 1517 698 1576 et
719 1533 775 1576 suo
798 1514 867 1578 loco
889 1519 998 1596 postea
1020 1513 1174 1578 tractabo.
1208 1503 1210 1510 ’

243 1616 381 1681 Ultimus
403 1614 442 1679 de
463 1613 654 1679 scholiorum
684 1613 726 1678 ad
747 1615 911 1698 Sophoclis
939 1615 1036 1680 verba
1062 1614 1258 1680 restituenda

156 1744 218 1786 usu
249 1719 375 1802 scripsit
410 1717 447 1782 G.
475 1715 659 1781 Dindorfius
686 1718 719 1780 in
748 1717 846 1800 praef.
877 1718 950 1782 edit.
978 1718 1035 1782 III.
1074 1717 1260 1782 Oxoniensis

161 1823 252 1887 1866.
275 1822 298 1885 1.
321 1843 351 1903 p.
367 1819 434 1884 XV.
457 1819 512 1884 uhi
534 1818 612 1884 haec
634 1818 798 1902 leguntur:
821 1820 968 1898 „Scholia
990 1821 1059 1904 ipsa
1081 1821 1198 1902 partim
1220 1843 1259 1886 ex

157 1924 454 2009 „grammaticorum
469 1921 747 1986 alexandrinorum
762 1923 995 1987 commentariis
1012 1922 1163 2002 derivata,
1186 1945 1261 2006 par-

157 2029 235 2107 „tim
256 2026 297 2091 ab
318 2025 503 2090 inferiorum
523 2029 699 2107 temporum
721 2026 936 2107 grammaticis
959 2026 1094 2107 scripta,
1123 2026 1260 2109 plurima

157 2129 340 2210 „continent
354 2127 395 2192 ad
409 2128 700 2210 interpretationem
715 2127 881 2191 verborum
896 2128 1072 2206 utilissima,
1095 2128 1138 2192 ad
1153 2149 1258 2193 emen-

157 2231 285 2312 „danda
305 2251 379 2295 vero
401 2229 517 2310 codicis
539 2229 616 2293 vitia
638 2229 784 2312 exiguum
799 2236 848 2294 est
861 2231 947 2311 quod
962 2229 1137 2308 conferant,
1161 2251 1258 2312 quum

157 2334 220 2414 „ad
240 2334 334 2399 huius
356 2331 442 2396 modi
463 2331 549 2396 locos
571 2332 604 2395 in
626 2331 753 2396 scholiis
776 2331 961 2414 plerumque
983 2333 1034 2396 vel
1056 2333 1138 2397 nihil
1159 2355 1259 2397 anno-

157 2443 278 2518 „tatum
304 2436 353 2514 sit,
375 2435 424 2499 vel
446 2434 596 2499 lectiones
618 2435 749 2499 vitiosae
770 2435 978 2517 interpretum
1002 2436 1185 2500 commentis
1209 2439 1260 2501 ut·

157 2561 302 2621 „cunque
324 2536 520 2620 explicentur
542 2535 700 2600 interdum
722 2536 935 2619 perabsurdis.
980 2536 1092 2618 Itaque
1114 2559 1179 2602 non
1202 2538 1261 2602 mi-

157 2642 313 2722 „randum
344 2646 391 2705 est
423 2659 653 2722 perpaucorum
686 2643 758 2704 tant
744 2645 812 2704 tum
849 2639 991 2703 locorum
1028 2640 1261 2705 emendationes

158 2765 294 2826 „easque
315 2743 500 2825 plerumque
529 2742 702 2806 levissimas
730 2764 769 2806 ex
792 2741 919 2806 scholiis
941 2742 1081 2807 illist
1027 2743 1093 2826 peti
1113 2743 1261 2838 potuisse,

159 2868 314 2930 „quarum
335 2845 430 2909 index
451 2844 573 2908 hiot
525 2849 603 2909 estf‘
646 2844 800 2908 Secuntur
823 2843 885 2907 loci
907 2843 967 2906 33·
959 2845 1103 2926 ‚quihus
1125 2833 1262 2909 Dindor-

158 2949 249 3015 fius
241 2970 307 3031 ipse
329 2946 452 3012 addidit
472 2944 584 3011 Trmach
601 2945 1263 3032 1.816(1ο11111.ρ.168).1161161116

157 3055 192 3118 in
214 3072 347 3116 censura
368 3050 514 3114 editionis
535 3048 762 3113 Dindorfianae
786 3048 914 3130 (Annal.
931 3049 1007 3132 phil.
1034 3048 1116 3113 1862
1138 3071 1168 3134 p.
1186 3049 1262 3134 172)

159 3177 198 3220 ex
219 3159 308 3218 textu
329 3150 508 3216 Dindorfii:
538 3151 572 3215 Ο.
589 3151 622 3215 6.
644 3173 692 3216 vv.
710 3152 760 3215 99.
777 3151 849 3214 336.
867 3150 938 3215 879.
961 3151 1035 3215 Ant.
1057 3174 1105 3216 rr.
1124 3151 1172 3215 18.
1189 3151 1261 3216 242.

159 3258 232 3322 326.
255 3255 327 3319 667.
350 3253 422 3317 660.
453 3252 609 3317 Α166.11.
636 3254 706 3318 122.
731 3253 802 3316 672.
834 3253 953 3317 7111.
976 3254 1027 3317 53.
1054 3252 1145 3317 1021.
1169 3244 1261 3318 1275.

158 3357 354 3434 1111581
377 3355 431 3420 scd
453 3355 697 3422 utDindorfium
719 3356 753 3420 hi
775 3356 837 3420 loci
858 3356 1017 3439 fugerunt,
1039 3355 1094 3419 alii
1115 3355 1263 3438 fugerunt
1391 3414 1393 3419 .

107 3451 114 3462 ⁹
158 3460 348 3538 Nauckium,
375 3480 450 3523 nam
478 3456 1150 3523 6116111111.1.108.1.687.711894.
1182 3457 1275 3521 Ρ1111.Ι

159 3587 188 3630 v.
204 3562 268 3627 515
290 3561 518 3637 coniecturam,
550 3581 631 3642 quae
654 3561 846 3625 scholiorum
868 3561 1057 3626 auctoritate
1078 3559 1207 3637 nititur,
1229 3558 1262 3624 in

158 3672 279 3732 textum
302 3662 429 3744 recepit.
460 3662 502 3726 62
523 3663 620 3745 igitur
641 3662 793 3727 hahemus
816 3663 912 3740 locos,
936 3659 1050 3743 quihus
1073 3682 1113 3725 ex
1134 3661 1262 3726 scholiis

159 3769 282 3835 medela
304 3764 412 3830 afferri
434 3770 553 3846 potest,
585 3783 750 3828 numerum
773 3763 859 3828 haud
882 3763 1108 3846 spernendum,
1138 3763 1194 3827 sed
1214 3769 1263 3827 ta·

158 3893 232 3937 rnen
260 3875 345 3935 recte
373 3865 543 3931 iudicasset
564 3865 747 3931 Dindorfius
775 3866 814 3931 de
844 3866 1035 3932 scholiorum
1064 3865 1262 3944 auctoritate,

160 3973 221 4038 nisi
242 3972 298 4036 alii
319 3968 505 4035 accederent
526 3969 607 4046 loci,
638 3969 671 4033 in
694 3969 809 4050 quibus
831 3969 999 4045 calcatio,
1029 3987 1112 4048 quae
1134 3967 1262 4032 scholiis

159 4074 298 4140 traditur
320 4078 375 4136 aut
396 4070 596 4154 explicatur,
634 4071 750 4136 codicis
780 4072 955 4154 scripturae
982 4068 1190 4152 praeferenda
1212 4070 1261 4134 sit.

159 4178 248 4241 Alios
270 4176 357 4240 locos
378 4172 540 4238 Nauclrius
564 4173 585 4236 l.
601 4174 621 4237 l.
643 4174 775 4251 attulit,
813 4173 852 4238 de
881 4171 994 4255 quihus
1022 4176 1133 4253 postea
1155 4171 1261 4236 dioen-

159 4279 234 4343 dum
257 4278 325 4342 6111.

246 4379 469 4457 Quaestionem
491 4377 530 4443 de
552 4377 743 4443 scholiorum
758 4376 1049 4442 Laurentianorum
1063 4376 1262 4454 auctoritate,
