3084 5124
707 419 749 482 51

179 599 338 683 explicare
352 602 518 668 studuisse.
561 604 598 668 In
614 605 735 672 schcho
750 605 883 687 denique
905 605 947 672 ad
968 607 1017 672 al.
1031 630 1060 672 v.
1076 606 1167 672 1097.
1190 627 1282 688 prae-

179 707 228 766 ter
256 724 363 770 veram
392 706 582 789 scripturam
610 697 728 792 ὄριστα
756 708 821 772 aha
853 729 977 790 quoque
1006 707 1137 774 affertur
1159 703 1280 795 ἕριστά,

179 824 261 885 quae
286 807 404 873 nullius
433 809 584 873 momenti
612 815 676 888 cst,
710 811 765 875 sed
786 809 949 876 Wolffium
969 813 995 898 ¹)
1026 811 1211 889 commovit,
1245 817 1280 878 ut

178 907 336 973 coniceret
356 910 557 976 scribendum
578 932 661 976 esse:
684 907 849 980 ἐπίστατο
864 908 968 1000 Ζηνὸς
983 905 1159 996 εὐσέβειαν,
1185 933 1280 994 quam

178 1010 392 1076 coniecturam
414 1013 559 1096 accipiat,
582 1015 633 1079 cui
654 1016 812 1097 persuasit
833 1017 881 1079 vir
902 1016 1111 1081 doctissimus.

263 1140 321 1206 His
343 1143 488 1227 subiungi
510 1144 605 1209 liceat
627 1144 770 1209 scholion
793 1145 834 1208 ad
856 1143 967 1212 Trach.
990 1167 1018 1208 v.
1039 1144 1099 1208 105
1120 1166 1167 1229 γρ.
1190 1139 1282 1209 ὄλιον

177 1233 266 1327 ὄρνιν
288 1237 445 1331 ἀλκυόννγν
467 1237 487 1331 ἢ
508 1239 647 1332 ἀηδόνα,
686 1246 772 1327 quod
799 1253 982 1329 corruptum
1010 1267 1078 1310 esse
1105 1267 1144 1310 ex
1172 1246 1283 1311 addita

178 1345 388 1428 explicatione
415 1354 558 1431 apparet.
603 1346 736 1412 Conlato
764 1353 871 1414 autem
899 1349 1000 1414 altero
1030 1346 1150 1412 scholio
1179 1347 1222 1412 sd
1252 1371 1279 1413 v.

181 1447 250 1510 104.
266 1448 469 1532 intellegitur,
492 1449 649 1531 quomodo
664 1457 807 1515 nostrum
823 1452 864 1514 sit
877 1450 1114 1515 restituendum.
1137 1449 1186 1514 lbi
1200 1449 1282 1514 duae

177 1555 303 1615 exstant
317 1551 603 1633 interpretationes,
619 1553 700 1617 alter
713 1555 871 1635 interpres
884 1554 996 1636 legisse
1010 1553 1146 1617 videtur:
1162 1544 1283 1616 ὄθλιον

177 1645 274 1738 ὄρνιν,
291 1653 372 1718 alter
379 1654 534 1737 explicat:
550 1650 609 1742 τὴν
625 1650 775 1733 ἀλκυόνα,
791 1652 900 1742 φησὶν,
917 1645 937 1740 ἣ
952 1649 1057 1719 τίκτει
1069 1651 1185 1731 ἕντοῖς
1198 1649 1283 1740 ὑφά-

177 1752 248 1830 λοις
269 1751 414 1841 πέτραις,
440 1747 512 1820 εἶτα
532 1760 597 1820 τῶν
619 1749 692 1821 ιάῶν
713 1750 957 1844 ἀφανιζομένων
979 1751 1118 1842 δακρύει.
1156 1756 1205 1820 Ex
1220 1757 1281 1821 hoe

176 1855 299 1939 conlegi
312 1864 427 1940 potest,
442 1859 594 1941 scriptum
608 1859 704 1924 fuisse
718 1866 863 1924 nostrum
878 1858 1035 1924 scholion:
1050 1880 1097 1944 γρ.
1115 1852 1209 1922 ἅλιον
1224 1849 1280 1942 ὄρ-

177 1981 243 2039 νιν,
273 1951 416 2024 ἀλκυόνα
438 1951 458 2047 ἢ
480 1951 601 2025 ὄθλιον
623 1956 710 2048 ὄρνιν
732 1955 873 2049 &phorm
911 1982 992 2044 quac
1014 1959 1111 2025 verba
1131 1958 1282 2024 facillime

178 2060 281 2124 omitti
301 2068 488 2144 potuerunt3
525 2069 620 2146 atque
648 2071 737 2147 patet
766 2065 901 2130 alterum
924 2062 1129 2128 scholiastam
1151 2084 1214 2126 non
1237 2062 1283 2126 le-

176 2162 258 2242 gisse
279 2153 400 2227 ὄθλιον
414 2155 511 2250 ὄρνιν,
535 2187 617 2247 quae
639 2166 735 2232 verba
756 2167 841 2231 illius
863 2165 1063 2230 annotationi
1084 2165 1282 2247 praescripta

177 2267 266 2341 sunt,
289 2264 344 2328 sed
365 2259 458 2330 ἅλιον
480 2259 583 2354 ὄρνιν,
597 2253 660 2332 'ita
682 2269 794 2350 utqui
815 2275 960 2333 nostrum
980 2266 1107 2349 scripsit
1128 2264 1280 2331 scholion.

47 2455 49 2465 y
177 2363 282 2430 Facile
303 2371 409 2432 autem
436 2369 647 2454 intellegitur,
683 2371 852 2437 lectionem
869 2366 974 2434 Ιἀλιον
1003 2361 1091 2455 ὄρνιν
1120 2369 1181 2452 hoo
1212 2368 1282 2431 loco

177 2465 291 2531 falsam
313 2491 390 2548 esse,
412 2492 451 2536 ex
472 2472 579 2554 aliquo
601 2473 724 2541 librarii
746 2495 852 2538 errore
873 2478 984 2539 ortam.

261 2595 429 2663 Nonnullis
451 2604 557 2666 autem
579 2600 656 2664 loeis
678 2600 844 2678 lectiones,
875 2620 956 2682 quae
977 2599 1011 2662 in
1032 2597 1160 2667 scholiis
1182 2619 1202 2662 a
1224 2617 1281 2666 nc-

176 2699 250 2764 stris
272 2699 361 2763 libris
385 2700 601 2786 discrepantes
621 2708 918 2780 commemorantur,
940 2702 1032 2784 longe
1055 2699 1280 2790 praeferendae

176 2806 251 2866 sunt
265 2800 412 2886 vulgatae
436 2804 619 2885 scripturae,
641 2824 775 2886 quorum
797 2805 917 2888 primus
940 2808 1006 2868 est:
1041 2801 1077 2866 Ο,
1094 2799 1127 2866 0.
1150 2824 1179 2866 v.
1195 2801 1279 2878 3903

176 2902 230 2968 ubi
251 2903 285 2969 in
307 2904 414 2969 codice
436 2897 563 2983 εάνοίας
583 2901 677 2992 χάριν
697 2907 829 2990 legitur,
862 2904 918 2970 sed
944 2925 964 2969 a
985 2903 1157 2970 scholiasta
1178 2923 1279 2968 anno-

175 3010 263 3072 tatur
291 3001 325 3069 ἕν
350 3011 422 3086 τοῖς
450 3000 715 3094 ἀναγκαιοτέρας
743 3011 809 3071 τῶν
831 3000 1036 3094 ἀντιγράφων
1066 3010 1098 3070 et
1125 3004 1160 3069 in
1188 3005 1278 3070 libris

176 3111 315 3174 veterum
337 3109 518 3176 criticorum
547 3111 609 3198 legi
631 3103 781 3191 ιάσοίας,
813 3097 899 3192 quae
917 3108 1102 3191 exquisitior
1123 3127 1184 3172 vox
1212 3113 1279 3178 tam
1304 3135 1308 3141 ·

175 3208 266 3274 bonis
289 3211 471 3276 auctoribus
494 3212 730 3291 commendata,
763 3212 805 3276 ah
828 3211 973 3278 omnibus
995 3231 1079 3274 nunc
1101 3208 1280 3294 praefertur
1299 3231 1303 3246 ’

175 3311 356 3378 editoribus.
401 3311 473 3378 Non
495 3320 601 3378 autem
623 3315 824 3378 consentiunt
845 3313 988 3377 homines
1013 3311 1099 3377 docti
1121 3311 1161 3380 de
1185 3310 1220 3375 Ο.
1244 3310 1277 3374 Ο.

175 3435 203 3477 v.
224 3414 305 3493 4673
338 3414 393 3482 uhi
415 3416 514 3480 codex
537 3414 634 3480 habet
655 3412 710 3478 καὶ
732 3411 938 3500 κατέοτιψας
959 3409 1071 3496 πέδον,
1095 3414 1128 3476 in
1150 3412 1278 3477 scholiis

174 3536 249 3582 vero
270 3521 336 3580 tres
351 3515 527 3584 afferuntur
549 3518 708 3596 lectiones,
731 3538 865 3600 quarum
880 3516 983 3601 prima
997 3520 1045 3579 est
1059 3511 1267 3601 κατέστεψας

175 3620 278 3698 Atque
293 3619 387 3696 hanc,
410 3640 506 3700 quam
519 3621 746 3703 interpretatur
760 3619 934 3691 scholiasta
948 3616 1068 3682 verbis:
1084 3613 1276 3680 καθικέτευ-

176 3740 244 3794 οας·
257 3715 340 3800 μετὰ
352 3714 518 3807 ἱκετηρίαν
530 3714 661 3810 ἀφίκου,
671 3721 873 3786 falsissimam
884 3741 951 3784 esse
962 3724 1051 3802 patet
1063 3739 1102 3783 ex
1112 3739 1195 3782 nexu
1207 3738 1278 3782 sen-

174 3821 362 3900 tentiarum,
393 3823 563 3906 quodiam
585 3823 809 3890 animadvertit
830 3823 925 3886 homo
947 3821 1092 3899 criticus,
1125 3821 1180 3902 qui
1202 3840 1277 3884 con-

178 3923 252 3987 iecit
273 3923 474 3990 scribendum
496 3947 580 3990 esse:
608 3923 819 4012 κατάστεψον
841 3931 936 4008 atque
958 3921 1041 3987 hanc
1064 3942 1153 3986 suam
1175 3924 1280 3986 conie-

176 4030 299 4090 cturam
321 4025 547 4109 interpretatus
576 4034 639 4093 est:
675 4021 754 4109 μεθ’
787 4020 954 4112 ἱκετηρίαν
983 4017 1119 4110 ἀφηγοῦ.
1173 4011 1278 4089 Tertia

248 4292 267 4359 ¹)
303 4291 338 4346 cf.
357 4289 423 4344 edit.
441 4308 468 4359 p.
491 4291 547 4343 131.
