3084 5124
707 469 747 540 27

177 660 226 736 8.,
252 659 308 740 qui
328 657 415 722 haud
436 658 531 722 dubie
554 679 618 722 non
639 660 672 727 in
694 664 795 724 metro
818 655 967 733 offendit,
998 655 1052 720 sed
1072 657 1106 720 in
1127 654 1235 720 codice
1257 676 1276 720 a

176 783 209 826 se
232 759 359 828 conlato
381 760 478 824 aliam
498 760 620 824 invenit
640 761 807 826 lectionem
823 758 964 840 λέκτρον,
988 757 1075 839 quod
1088 756 1277 822 vocabulum

176 863 270 928 facile
299 862 362 926 alio
391 859 484 941 λέχος
514 863 629 945 expelli
651 864 755 946 potuit
771 862 831 952 (cf.
856 861 891 926 0.
914 859 951 924 R.
973 883 1001 924 r.
1026 860 1097 926 260.
1133 859 1168 924 0.
1191 857 1224 922 C.
1247 881 1275 926 v..

176 964 265 1048 527).
310 963 410 1028 Aliter
431 963 614 1032 Dindorfius
637 966 750 1030 statuit
770 985 876 1028 errore
898 962 1021 1028 librarii
1043 961 1185 1028 ordinem
1207 981 1277 1038 vor-

176 1067 289 1132 borum
312 1071 539 1130 commutatum
561 1073 593 1130 et
615 1065 814 1132 scribendum
842 1087 909 1130 esse
938 1069 995 1129 aut
1015 1059 1073 1127 οάκ
1095 1056 1200 1128 ὀκνεῖν
1222 1059 1276 1128 λε’-

176 1191 233 1249 χος
253 1167 296 1249 μὲ
318 1167 368 1232 δεῖ
389 1174 445 1232 aut
466 1161 525 1231 oda
548 1161 654 1232 ὀκνεῖν
675 1167 716 1249 μὲ
740 1167 790 1232 δεῖ
813 1165 914 1248 λέχος,
938 1167 989 1232 cui
1003 1166 1090 1230 haud
1105 1166 1192 1232 facili
1206 1187 1278 1248 per-

176 1270 345 1336 mutationi
374 1270 425 1334 vel
454 1271 590 1334 maxime
618 1271 724 1334 obstat
750 1271 839 1334 varia
867 1269 960 1334 lectio
989 1268 1030 1332 ab
1052 1268 1083 1332 S.
1106 1267 1276 1349 adscripta.

177 1373 213 1438 O.
236 1371 269 1436 C.
292 1395 320 1436 v.
344 1372 407 1435 906
436 1395 483 1455 pr.
505 1395 547 1438 m.
571 1364 669 1458 άφῆκ)
691 1364 740 1435 dr.
785 1372 815 1437 S.
837 1375 948 1456 μεθῆκ
976 1362 1023 1433 ἂν.
1068 1369 1141 1434 Ant.
1162 1391 1191 1432 r.
1214 1368 1278 1432 264

177 1497 225 1557 pr.
247 1497 287 1538 m.
311 1470 403 1554 ἔχειν.
443 1472 479 1539 S.
501 1467 613 1558 αἴρειν.
645 1497 673 1538 v.
697 1473 758 1537 387
781 1496 828 1556 pr.
851 1497 891 1538 m.
915 1469 1048 1558 ididam,
1066 1463 1096 1536 S}
1120 1466 1276 1558 ττροάβην.

179 1577 235 1640 Ph.
256 1599 283 1640 v.
306 1577 385 1642 246:
407 1599 454 1660 pr.
477 1600 518 1642 m.
541 1569 580 1639 ον’
603 1573 641 1663 dr}
665 1572 735 1660 χάρ.
760 1576 789 1640 S.
813 1568 851 1638 od
874 1570 933 1659 γάρ
957 1571 1006 1660 δὴ.
1029 1598 1058 1639 r.
1081 1573 1144 1638 282
1165 1596 1213 1656 pr.
1236 1595 1276 1641 m.

180 1673 413 1760 συμβάλλοιτο,
438 1679 467 1744 S.
492 1673 704 1760 ονλλάβοιτο,
738 1700 819 1760 quae
840 1677 938 1741 verba
960 1677 1084 1759 saepius
1107 1677 1140 1741 in
1163 1676 1278 1740 codici-

177 1781 235 1845 bus
255 1787 506 1859 oommutantm·;
529 1803 556 1844 v.
580 1780 643 1844 853
664 1803 712 1863 pr.
729 1803 770 1844 m.
793 1775 884 1859 ἔχεις,
909 1779 939 1844 S.
955 1781 988 1842 in
1009 1779 1152 1860 margine
1165 1771 1277 1857 ἴσχεις.

176 1883 224 1948 El.
248 1907 276 1946 v.
299 1883 363 1947 592
390 1905 437 1965 pr.
459 1905 500 1946 m.
523 1877 688 1966 τοχχάνει,
727 1882 757 1946 S.
786 1875 953 1963 λαμβάνει.
998 1880 1039 1944 Hi
1070 1901 1178 1944 omnes
1207 1880 1278 1957 loci,

174 1986 221 2048 ita
241 1991 278 2049 ut
300 2007 387 2067 apr.
410 2007 451 2047 m.
475 1984 638 2067 leguntur,
661 1985 868 2067 grammatico
890 1983 1047 2048 undecimi
1069 1981 1186 2047 saeculi
1207 1982 1279 2045 nul-

176 2088 241 2152 lam
263 2085 465 2151 offensionem
487 2086 639 2169 praebere
661 2091 852 2168 potuerunt,
888 2092 921 2150 et
948 2106 1030 2167 quae
1056 2084 1183 2150 additae
1204 2088 1279 2148 sunt

175 2189 409 2276 emendationes
430 2187 616 2252 facultatem
636 2187 711 2252 talis
733 2187 868 2252 hominis
890 2188 984 2270 longe
1006 2193 1178 2270 superant3
1215 2207 1279 2267 qua

175 2312 210 2356 re
232 2312 296 2355 non
318 2289 525 2355 dubitandum
550 2295 618 2367 cst,
652 2291 729 2377 quin
750 2311 785 2352 re
807 2310 882 2353 vera
904 2291 967 2354 sint
988 2291 1094 2354 variae
1117 2289 1277 2352 lectiones.

176 2394 232 2458 Sin
253 2397 359 2456 autem
381 2391 496 2474 aliquis
518 2391 618 2456 nihilo
640 2394 743 2457 minus
766 2389 932 2455 Dindorfio
954 2391 1142 2468 assentitur,
1172 2389 1279 2454 confe-

176 2502 228 2560 rat
249 2495 342 2558 velim
364 2494 399 2559 Ο.
423 2493 456 2557 0.
479 2517 506 2557 v.
530 2495 654 2573 4331bi
676 2495 760 2558 enirn
781 2499 856 2558 ante
876 2494 973 2558 verba
995 2487 1088 2558 εῖτοι
1111 2498 1142 2558 ολ
1163 2513 1193 2574 q.
1207 2513 1278 2567 sec,

176 2599 210 2662 in
231 2597 321 2661 initio
344 2617 453 2660 versus
474 2596 645 2679 adscripsit
665 2597 714 2678 ἃς
731 2622 771 2678 χ,
802 2618 865 2679 quo
887 2597 977 2679 signo
999 2595 1202 2660 hauddubie
1224 2594 1279 2658 de-

177 2700 280 2782 pinxit
300 2705 409 2764 uotam
430 2698 519 2763 illam
543 2701 686 2764 criticam
712 2722 732 2764 a
759 2700 921 2764 veteribus
946 2698 1160 2780 grammaticis
1188 2695 1279 2759 adhi-

177 2802 301 2879 bitam,
338 2823 434 2884 quarn
461 2802 496 2864 in
525 2801 610 2864 hunc
638 2801 742 2865 locum
772 2802 929 2883 quadrare
958 2807 1047 2882 patet
1073 2820 1111 2862 ex
1142 2797 1278 2862 scholio:

178 2926 246 2966 uro:
276 2896 349 2967 άντῖ
379 2907 437 2966 τοῦ
466 2896 575 2980 αὐτάς.
608 2899 659 2968 διὸ
682 2899 720 2967 τὸ
742 2928 770 2984 χ.
814 2905 882 2968 Hoc
904 2909 1010 2968 autem
1025 2903 1181 2985 signume
1203 2920 1278 2963 oon-

176 3007 298 3070 iectnra
319 3006 456 3070 scribere
477 3028 542 3070 non
564 3007 668 3088 potuit
690 3007 732 3084 S„
755 3027 854 3088 quare
875 3029 940 3070 non
963 3005 1094 3070 dubium
1115 3009 1179 3081 est,
1202 3002 1279 3084 quin

175 3107 257 3174 illud
279 3130 295 3173 e
318 3107 425 3173 codice
448 3111 602 3173 sumserit.
647 3110 789 3192 Apparet
810 3109 906 3190 igitur
927 3107 1093 3172 librarium
1107 3106 1197 3170 illum
1213 3105 1279 3169 sine

175 3207 292 3274 iudicio
315 3210 441 3288 omnia,
473 3212 610 3292 quaein
633 3211 740 3276 codice
762 3211 898 3292 reperit,
934 3208 1170 3274 accuratissime
1192 3213 1280 3271 tran-

175 3311 347 3393 scripsisse.
392 3311 461 3376 Hoc
483 3311 634 3376 iudicium
656 3313 751 3376 etiam
779 3332 815 3374 eo
843 3312 1104 3388 demonstratur,
1140 3309 1226 3392 quod
1248 3309 1278 3374 S.

176 3435 241 3478 non
264 3414 365 3478 solum
387 3415 598 3479 correctiones
622 3399 678 3478 sed
699 3415 795 3477 etiam
816 3412 914 3477 falsas
937 3419 969 3477 et
990 3413 1201 3495 ineptissimus
1216 3412 1280 3476 lec·

174 3517 299 3593 ticum,
334 3537 414 3598 quae
435 3521 562 3580 tantum
584 3517 786 3581 librariorum
808 3537 914 3580 errore
937 3522 1025 3580 ortae
1048 3536 1115 3578 esse
1136 3520 1279 3597 possunt,

175 3619 353 3701 adscripsit.
397 3617 447 3682 Ita
470 3617 505 3682 0.
529 3617 562 3683 C.
584 3619 715 3682 ν.1205
737 3640 784 3700 pr.
807 3639 848 3680 m.
870 3617 967 3682 habet
989 3613 1028 3681 σὺ
1052 3615 1088 3682 δὲ
1111 3621 1177 3680 σῶν
1199 3619 1279 3694 (σῶς

176 3743 249 3785 curn
271 3720 430 3804 Scaligero
453 3720 654 3786 scribendum
676 3726 735 3798 est)
759 3719 790 3783 S.
813 3720 1034 3803 superscripsit
1055 3717 1091 3783 δὲ
1114 3716 1169 3796 σε’,
1193 3718 1279 3800 quod

174 3823 318 3905 ineptum
346 3844 414 3887 esse
442 3828 584 3904 apparet.
630 3822 665 3887 0.
689 3821 722 3885 0.
744 3845 773 3885 v.
795 3821 859 3884 415
888 3844 935 3904 pr.
963 3844 1005 3885 m.
1033 3815 1206 3902 μολόντες,
1247 3820 1276 3884 S.

175 3923 362 4005 μολοῧντες.
413 3926 486 3988 Ant.
509 3949 537 3989 v.
563 3925 624 3988 195
651 3917 844 4008 άριστεάσος
872 3919 945 4008 δορί
973 3945 1020 4005 pr.
1043 3945 1084 3986 m.
1108 3922 1138 3987 S.
1170 3943 1278 4005 snper-

176 4027 309 4108 scripsit
321 4050 366 4106 χε,
388 4027 409 4090 i.
432 4048 458 4091 e.
480 4021 556 4110 χερί.
602 4027 675 4090 Ant.
697 4049 725 4088 v.
749 4025 811 4088 672
837 4048 884 4108 pr.
907 4048 948 4089 m.
972 4017 1124 4110 άναρχίας
1146 4023 1182 4088 δὲ
1203 4028 1277 4106 μεῖ-

177 4125 230 4206 ζον
251 4127 281 4192 S.
305 4129 526 4211 superscripsit
546 4125 615 4213 μὰρ.
639 4127 712 4191 Ant.
735 4151 763 4190 v.
785 4127 848 4192 970
870 4148 916 4208 pr.
939 4148 980 4190 m.
1005 4126 1216 4212 Σαλμυδησὸς
1237 4120 1278 4189 ἵν’

174 4222 378 4314 ἀγχίπτολις.
416 4230 446 4295 S.
470 4231 693 4314 superscripsit
713 4221 758 4308 ὃν,
783 4251 878 4314 quam
899 4228 1020 4294 variam
1042 4229 1209 4294 lectionem
1230 4228 1278 4292 di·

175 4332 267 4395 sertis
289 4331 394 4396 verbis
416 4333 588 4398 scholiasta
609 4333 762 4415 agnoscit.
805 4331 854 4396 Ex
884 4331 1011 4396 scholiis
1033 4352 1158 4414 quoque
1178 4336 1276 4413 patet,
