3084 5124
684 455 727 517 35

153 643 327 725 scripturas
355 662 419 704 non
442 641 612 704 correctori
634 642 761 721 codicis,
792 642 856 706 sed·
880 641 1003 706 librarii
1034 645 1253 727 neglegentiae

155 745 271 809 deberi.
316 743 501 807 Rectissime
531 762 655 824 quoque
686 744 766 808 dixit
787 743 949 807 Nauckius
978 745 1018 808 de
1039 746 1087 809 Ai.
1108 768 1137 809 v.
1162 747 1254 824 1310,

154 846 210 910 nbi
238 844 324 927 quod
353 845 548 928 adscriptum
577 851 627 909 est
654 868 700 929 γρ.
724 838 1032 927 ὁπερπονουμένοος
1058 847 1100 910 ad
1126 848 1255 912 verbum

155 943 440 1033 ὑπερπονουμένῳ,
472 948 644 1012 certissime
666 948 767 1012 errori
789 946 914 1011 librarii
935 947 1076 1026 debetur,
1099 949 1255 1014 adfinem

155 1069 264 1114 versus
288 1049 380 1127 1309,
402 1049 457 1114 ubi
479 1047 707 1133 συγκειμένους
729 1056 786 1127 est,
809 1049 1004 1128 aberrantis;
1026 1051 1073 1113 ite
1094 1056 1131 1114 ut
1145 1050 1184 1114 de
1198 1051 1255 1114 Ph.

93 1217 98 1227 ,
154 1173 184 1216 v.
206 1151 270 1215 423
292 1173 339 1233 pr.
362 1173 403 1215 m.
426 1145 497 1214 κάκ’
519 1146 656 1238 ἐξήρυκε.
680 1151 711 1215 S.
734 1173 780 1236 γρ.
804 1144 1002 1237 κάξεκήρυξε.
1047 1151 1185 1216 Librarii
1206 1174 1257 1217 er·

154 1243 220 1318 rdri
242 1274 365 1335 quoque
387 1253 535 1317 debemus
556 1254 784 1336 ineptissimam
806 1254 927 1317 variam
949 1252 1117 1317 lectionem
1138 1254 1180 1318 ad
1196 1252 1255 1318 Ph.

155 1377 183 1418 v.
209 1354 302 1418 1132,
323 1346 443 1418 άθλιον
472 1377 518 1440 γρ.
542 1345 657 1435 ἆθλον,
681 1356 732 1421 cui
760 1355 811 1420 vel
838 1359 974 1418 metrum
1003 1355 1118 1418 obstat,
1162 1356 1257 1420 Falsa

156 1477 253 1539 porro
269 1463 317 1520 est
332 1463 364 1520 et
379 1479 417 1521 ex
433 1457 527 1521 simili
541 1479 647 1523 errore
669 1464 739 1522 orta
760 1458 849 1522 varia
871 1457 965 1522 lectio
986 1479 1034 1542 γρ.
1058 1453 1173 1521 ποινία
1195 1450 1257 1544 άρά

155 1558 197 1622 ad
219 1559 267 1622 El.
293 1582 321 1624 τ.
347 1560 406 1621 111
428 1556 550 1623 ποτνιά
573 1552 651 1646 α’ράς
671 1559 721 1623 El.
744 1583 772 1623 v.
796 1558 857 1621 379
882 1554 966 1642 γόων
987 1580 1034 1644 γρ.
1058 1557 1113 1622 καὶ
1135 1556 1257 1644 λόγων,·

155 1681 230 1724 nam
252 1660 330 1725 haec
352 1661 448 1726 verba
470 1663 593 1744 saepius
614 1663 697 1726 inter
719 1682 752 1725 se
774 1665 1008 1726 commutantur·
1026 1661 1062 1744 ¹).
1108 1660 1199 1737 Quod
1214 1662 1256 1725 ad

156 1762 205 1825 El.
226 1785 255 1826 v.
280 1762 340 1825 751
368 1759 518 1845 λαγχάνει
546 1765 740 1845 adscriptum
763 1769 810 1828 est
837 1783 884 1846 γρ.
908 1757 1076 1845 τυγχάνει,
1111 1761 1257 1827 Wolffius

157 1885 195 1928 ex
217 1864 404 1947 glossemate
427 1870 530 1928 ortum
553 1886 619 1930 esse
641 1871 750 1947 putat,
783 1862 839 1928 sed
860 1863 989 1945 propius
1011 1861 1183 1926 adrerum
1204 1886 1257 1928 ae-

156 1967 267 2031 cedere
289 1966 366 2029 mihi
386 1967 512 2045 videor,
550 1969 576 2030 si
606 1962 755 2050 λαγχάνει
785 1966 908 2031 librarii
930 1985 1035 2028 errore
1056 1964 1090 2026 in
1111 1962 1255 2047 τυγχάνει

156 2074 340 2150 corruptum
362 2089 428 2132 esse
450 2075 607 2147 statuam3
629 2090 703 2133 nam
726 2073 852 2132 constat
873 2067 952 2131 haec
967 2065 1064 2130 verba
1079 2067 1203 2149 saepius
1224 2069 1257 2132 in

157 2169 317 2236 codicibus
339 2176 519 2251 permutata
541 2192 608 2236 esse
626 2173 664 2257 2).
1176 2231 1179 2238 .

241 2271 290 2334 Ex
317 2271 382 2334 illis
410 2273 505 2336 variis
535 2272 744 2352 lectionibus,
777 2294 856 2355 quas
878 2270 1062 2336 Dindordus
1091 2269 1259 2358 διορθιοτῇ

157 2393 214 2437 suo
228 2393 293 2436 non
307 2373 427 2451 tribuit,
453 2395 533 2455 qnae
555 2381 662 2438 autem
684 2375 746 2439 huo
762 2376 919 2457 pertinere
933 2375 1090 2451 videntur,
1111 2371 1257 2439 afferam:

158 2475 194 2538 Ο.
222 2474 255 2538 0.
281 2497 309 2538 v.
332 2474 396 2537 583
431 2497 478 2557 pr.
508 2497 549 2539 m.
582 2473 623 2539 τά
651 2469 777 2541 λοίσθά
807 2470 893 2540 αἰτεῖ
922 2498 968 2560 γρ.
997 2470 1038 2538 τὰ
1070 2467 1181 2537 λσίσ9’
1209 2468 1258 2562 ἂρ’

159 2570 263 2656 αἰτεῖ,
303 2577 388 2659 quod
409 2577 499 2641 nulla
525 2577 640 2643 idonea
662 2600 758 2644 causa
780 2578 932 2662 praetulit
952 2576 1140 2641 Wunderus.
1184 2576 1257 2644 Ant.

157 2701 185 2742 v.
204 2677 284 2740 1136
307 2700 354 2761 pr.
369 2701 411 2742 m.
433 2673 668 2744 ἐπισκοποῦντ’
689 2673 803 2764 άγυϊάς
824 2701 870 2765 γρ.
889 2677 1137 2742 ἐπισκοποῦντα
1155 2673 1256 2762 γάῖας.

156 2779 268 2844 Trach.
290 2803 319 2842 v.
341 2779 405 2843 593
427 2803 475 2863 pr,
498 2777 584 2861 ἔχοις
611 2773 650 2844 div
677 2785 788 2866 γνῶμα
817 2805 864 2866 γρ.
887 2773 1028 2864 άγνωμα.
1066 2780 1114 2844 Ai.
1129 2802 1157 2844 v.
1176 2781 1257 2844 1295
1382 2831 1388 2840 .

155 2903 203 2963 pr,
227 2875 325 2968 αὐτάς
345 2904 392 2967 γρ.
416 2873 525 2960 αὖθις.
571 2883 620 2947 ΕΙ.
640 2907 668 2946 v.
684 2884 748 2946 303
770 2905 817 2966 pr.
841 2878 903 2967 έγώ
927 2875 960 2945 d’
985 2874 1134 2967 Ὀρέστην
1156 2880 1258 2946 τῶνδε

156 2979 369 3069 προςγιένουσ’
391 2977 445 3048 άεί
470 3007 516 3069 γρ.
541 2981 603 3069 ἐγώ
626 2979 658 3049 δ’
683 2977 831 3072 Ὀρέστην
854 2975 1067 3069 προςμένουσ’
1088 2977 1141 3047 άεί
1163 3006 1255 3064 ποτε,

156 3085 243 3166 quod
264 3085 357 3149 aliter
379 3087 529 3168 explicari
551 3087 679 3169 nequit,
709 3087 770 3150 nisi
792 3107 914 3162 sumas,
947 3085 1077 3149 verbum
1099 3085 1202 3150 τῶνδε
1223 3087 1257 3149 in

157 3186 264 3250 codice
287 3188 393 3269 aliquo
418 3189 615 3271 neglegentia
637 3189 785 3253 omissum
806 3189 901 3252 fuisse
924 3192 956 3250 et
977 3193 1088 3268 postea
1109 3207 1258 3252 mancum

155 3297 280 3352 versum
310 3311 330 3352 a
358 3290 488 3355 librario
517 3291 624 3373 aliquo
654 3291 704 3355 vel
732 3289 907 3354 recentiore
934 3289 1140 3372 grammatico
1161 3290 1257 3354 verbo

154 3411 241 3454 ποτε
255 3391 486 3471 quodammodo
501 3393 681 3456 restitutum
696 3413 781 3470 esse3
802 3396 898 3473 atque
920 3387 1029 3453 eodem
1051 3389 1145 3453 modo
1167 3412 1257 3455 man·

155 3512 192 3555 co
215 3491 387 3574 exemplari
409 3515 485 3558 usus
507 3515 574 3559 esse
595 3494 720 3559 videtur
742 3492 909 3569 librarius,
948 3491 1002 3572 qui
1025 3489 1059 3553 O.
1082 3490 1119 3553 R.
1142 3514 1170 3555 v.
1196 3493 1256 3556 134

156 3595 300 3676 scripsit:
323 3592 388 3679 πρὸ
410 3601 469 3658 τοῦ
491 3591 654 3673 θανόντος
674 3591 769 3683 τήνδε
792 3588 949 3670 θεσπίζει
971 3586 1113 3678 γραφήνς
1137 3592 1256 3660 invenit

155 3697 239 3760 enim
268 3697 302 3760 in
329 3698 510 3779 exemplari,
534 3718 657 3779 exque
685 3696 888 3778 transcripsit
916 3693 1081 3777 Sophoclis
1111 3695 1254 3761 fabulas:

154 3792 250 3884 τήνδε
270 3800 337 3861 dec
360 3847 366 3862 .
393 3847 400 3862 .
423 3820 465 3863 πι
489 3849 495 3862 .
519 3850 526 3863 .
548 3824 567 3885 ρ
591 3849 598 3864 .
623 3822 697 3886 (ppo,
720 3805 816 3880 atque
838 3799 884 3862 ita
905 3802 942 3860 ut
963 3796 1058 3861 modo
1083 3796 1158 3874 dixi,
1181 3819 1255 3881 sup-

154 3898 253 3981 plevit
273 3899 427 3979 lacunas3
463 3901 546 3967 hanc
569 3908 676 3967 autem
697 3900 927 3983 ineptissimam
948 3899 1116 3963 lectionem
1137 3897 1167 3962 S.
1191 3921 1255 3965 non

226 4159 249 4222 ι)
286 4158 320 4212 cf.
334 4157 410 4211 'Phil
427 4175 453 4213 v.
474 4159 551 4212 1401.

223 4323 247 4390 ἱ)
282 4321 318 4377 el.
335 4321 377 4375 El.
396 4340 422 4376 v.
440 4323 491 4374 364
510 4255 611 4391 έέχεῖν.
628 4324 661 4373 λα
680 4339 697 4375 a
714 4340 750 4376 m.
768 4321 861 4390 paullo
879 4318 1039 4374 recentiore.

960 4423 993 4474 3*
