3084 5124
674 480 716 542 47

146 671 241 749 liasta
263 668 441 750 explicavit,
462 667 525 731 iam
547 687 653 730 errore
674 666 800 730 librarii
822 672 972 747 corrupta
994 666 1117 729 eratin
1139 663 1246 748 μένεις

148 778 179 836 et
205 767 331 858 pnivpg,
356 770 440 851 quod
462 771 586 845 lemma,
609 768 682 831 huic
704 768 825 831 schoho
847 767 1000 845 additum,
1022 773 1054 831 et
1074 768 1168 832 haur.
1192 769 1246 833 de-

147 881 335 950 monstrant,
357 877 452 953 atque
474 892 544 934 cnm
560 869 748 952 epitomator
760 875 783 953 ¹)
806 871 840 934 in
862 870 1022 934 codicibus
1043 870 1140 933 aliam
1160 871 1247 934 inve-

147 977 231 1038 niret
252 974 427 1052 lectionem,
450 971 570 1036 scholio
591 994 638 1057 γρ.
654 967 754 1058 μαίνῃ
776 973 1014 1055 praescripsisse
1035 971 1167 1036 videtur.
1192 972 1246 1036 Ei-

148 1076 219 1139 dem
240 1075 375 1139 fortasse
397 1074 528 1138 debetur
550 1075 638 1138 varia
660 1074 753 1138 lectio
776 1074 816 1138 ad
838 1074 887 1137 Tr.
903 1097 931 1138 v.
948 1074 1010 1136 673
1028 1075 1056 1159 2)
1079 1095 1125 1158 γρ.
1142 1071 1247 1137 δὲκαὶ

148 1179 287 1259 μαθεῖν,
313 1197 393 1258 qnae
415 1175 502 1240 haud
524 1176 618 1240 dubie
639 1177 732 1240 unice
752 1197 826 1240 vera
849 1181 911 1253 est,
933 1176 989 1239 sed
1010 1177 1074 1238 iam
1095 1176 1129 1239 in
1151 1175 1246 1240 Laur.

149 1302 237 1362 apr.
260 1302 319 1357 m,
357 1298 438 1360 quae
459 1279 562 1360 primo
584 1277 696 1358 λαβεῖν
717 1279 906 1360 scripserat,
942 1276 1078 1358 legitur,
1116 1299 1187 1340 eum
1214 1280 1248 1342 in

148 1381 275 1446 scholiis
296 1380 379 1444 falsa
401 1381 529 1462 παθεῖν
551 1378 733 1460 explicetur.
777 1377 885 1460 Neque
908 1383 986 1459 puto
1008 1399 1057 1441 me
1080 1399 1196 1456 errare,
1218 1381 1245 1444 si

148 1485 181 1547 in
212 1482 333 1547 scholio
361 1481 403 1545 ad
431 1482 479 1544 Ai.
501 1504 529 1544 v.
552 1480 595 1544 50
625 1481 736 1562 siglam
765 1502 811 1565 μρ.
840 1480 881 1544 ad
909 1481 1117 1562 epitomatore
1146 1488 1248 1545 ortam

150 1606 217 1648 esse
240 1584 415 1662 contend03
437 1583 552 1666 legitur
574 1583 657 1646 enim
679 1583 699 1647 l.
723 1603 750 1645 a.
776 1605 822 1667 γρ.
845 1580 900 1645 καὶ
922 1581 1076 1666 διψῶσαν
1098 1582 1140 1646 ad
1162 1584 1248 1647 codi-

149 1688 194 1751 cis
216 1685 312 1750 verba
333 1683 388 1748 καὶ
409 1688 594 1767 μαιμῶσαν.
638 1685 741 1766 Atque
764 1691 979 1767 cognorerunt
999 1684 1142 1749 homines
1164 1685 1250 1750 docti

148 1789 228 1852 haec
249 1787 347 1851 verba
367 1809 407 1850 ex
428 1788 527 1851 alleto
549 1788 739 1851 scholiastae
762 1787 927 1868 exemp10‚
961 1787 1047 1867 quod
1068 1770 1249 1852 Athenaeus

149 1889 187 1952 X.
210 1911 240 1971 p.
256 1889 319 1952 433
334 1887 368 1951 F.
392 1889 536 1966 servavit,
559 1887 709 1971 cbrrupta
730 1910 806 1966 esse,
830 1894 1013 1971 corruptum
1034 1889 1131 1970 igitur
1145 1911 1250 1954 exem-

149 1991 238 2073 plum
263 2011 321 2072 pro
350 1991 438 2054 veria
458 1981 593 2054 lectione
615 1990 728 2054 habuit
750 1991 949 2073 epitomator.
995 1990 1102 2055 Facile
1124 2012 1249 2072 quoque

149 2093 351 2173 intellegitur,
373 2093 478 2156 varias
499 2092 650 2168 lectiones
673 2091 715 2156 ad
736 2091 816 2155 Phil.
839 2115 867 2156 v.
886 2092 968 2156 1093
991 2114 1038 2178 γρ.
1062 2087 1247 2173 πεωμάδες,

150 2189 331 2271 πτωκάδες,
354 2189 531 2274 πτωχάδες,
556 2189 738 2278 πρωτάδες,
763 2190 935 2279 δρομάδες,
959 2195 1076 2276 partim
1098 2216 1137 2258 ex
1158 2193 1250 2258 scho-

150 2295 263 2358 liastae
285 2295 488 2359 annotatione
511 2295 568 2378 (ed
589 2319 617 2359 v.
648 2297 767 2382 1092),
810 2297 927 2378 partim
953 2317 992 2360 ex
1014 2296 1174 2361 codicibus
1196 2318 1251 2360 ex-

151 2402 276 2477 cerptas
303 2416 378 2460 esse.
428 2396 478 2460 Ad
506 2397 640 2463 eundem
667 2398 906 2479 epitomatorem
934 2397 1099 2462 referenda
1127 2398 1252 2462 videtur

150 2499 241 2561 varia
269 2497 362 2565 lectio
393 2497 434 2562 ad
463 2499 510 2562 Αἱ.
533 2522 560 2562 v.
585 2499 647 2563 208
680 2522 726 2585 γρ.
755 2493 911 2587 δημερίας
940 2495 1013 2564 α’ντὶ
1042 2503 1101 2586 τῆς
1119 2493 1252 2585 Ιαῖηδοῦς

152 2603 274 2685 φορᾶς,
309 2620 389 2680 qnae
411 2601 518 2665 multis
540 2601 719 2666 hominibus
742 2603 843 2667 doctis
864 2602 970 2666 fraudi
991 2602 1067 2680 fuit3
1104 2599 1251 2666 Wolffius

151 2702 235 2766 enim
257 2703 390 2766 coniecit
411 2724 450 2767 ex
471 2703 581 2766 addita
602 2705 864 2787 interpretatione
885 2708 1072 2785 corruptum
1094 2724 1161 2767 esse
1191 2696 1251 2790 δη-

151 2799 264 2889 μερίας
285 2810 317 2868 et
337 2804 449 2885 legisse
472 2801 675 2869 scholiastam
697 2799 838 2892 ἄηδείας.
883 2806 944 2871 Sed
968 2806 1058 2870 nulla
1079 2805 1189 2868 adesse
1206 2806 1252 2868 vi-

152 2906 244 2970 detur
265 2906 353 2969 varia
375 2905 485 2982 lectio,
522 2928 598 2970 nam
626 2907 704 2972 haec
734 2909 835 2973 altera
863 2907 1034 2990 explicatio
1056 2906 1097 2972 ad
1119 2907 1252 2971 eandem

152 3010 288 3090 pertinet
310 3009 498 3091 scripturam
521 3009 647 3088 codicis
669 3032 716 3095 γρ.
740 3002 896 3098 δημερίας
917 3015 1023 3074 autern
1038 3009 1252 3092 praepositum

152 3185 200 3242 est
214 3159 261 3243 ob*
275 3180 491 3261 epitomatore‚
514 3183 569 3262 qni
590 3183 623 3246 in
640 3182 748 3245 coelice
768 3137 875 3259 ahqrio
897 3182 1018 3245 invenit
1038 3177 1175 3268 ἆμερίας
1198 3179 1252 3262 (ci.

153 3279 361 3364 Wunderum)
384 3289 479 3363 atque
500 3283 561 3345 hoc
584 3302 642 3362 pro
664 3281 754 3342 varia
775 3278 887 3351 habuit
910 3279 1053 3345 lectione.

238 3436 352 3501 Omnes
374 3441 478 3498 autem
501 3434 605 3497 varias
628 3432 786 3510 lectiones
808 3431 935 3512 quasin
950 3436 1183 3498 commentariis
1198 3440 1255 3498 aut

152 3540 185 3601 in
209 3538 368 3601 codicibus
391 3539 578 3600 invenerunt
600 3535 811 3613 schohastae‚
849 3533 1006 3616 explicare
1036 3536 1142 3598 eonati
1171 3539 1253 3609 sunt,

155 3638 244 3701 nullo
267 3637 446 3701 discrimine
468 3637 570 3716 facto,
592 3636 681 3701 nullo
703 3657 759 3700 suo
782 3635 924 3700 adhibito
946 3636 1072 3700 iudicio
1117 3634 1254 3698 Rarissi-

153 3740 198 3799 mi
219 3739 302 3800 enim
323 3744 397 3801 sunt
419 3738 490 3816 loci,
512 3742 545 3802 in
567 3739 680 3820 quibus
696 3739 884 3803 schohastae
899 3739 954 3803 uni
970 3739 1100 3804 alterive
1115 3735 1253 3812 lectioni,

155 3858 235 3917 qnae
257 3837 319 3901 illis
338 3839 545 3921 praeferenda
559 3841 735 3919 videbatur,
758 3863 848 3906 suum
863 3841 1012 3905 iudicium
1029 3845 1251 3922 apposuerunt.

156 3937 200 4002 Ut
222 3939 260 4003 de
282 3939 317 4004 0.
341 3939 374 4004 0.
397 3964 425 4005 v.
448 3943 526 4021 390,
555 3945 625 4009 loeo
645 3945 709 4008 iam
732 3945 857 4028 saepius
878 3942 995 4019 allato,
1022 3946 1162 4019 taceam,
1190 3939 1252 4004 huc

177 4079 358 4087 ---.—-

226 4176 244 4241 Ι)
279 4175 363 4232 licent
379 4177 449 4229 mihi
466 4181 615 4245 praeeunte
633 4175 745 4232 Wolffic
761 4176 801 4229 ita
818 4193 881 4229 eum
899 4177 1052 4248 appellare,
1078 4178 1125 4246 qui
1144 4178 1250 4231 scholia

154 4261 282 4330 conlegit.

224 4349 247 4416 δ)
284 4349 358 4418 apud
375 4351 538 4405 Elmsleium
555 4351 584 4405 in
601 4350 685 4405 schol.
704 4350 746 4404 ed.
765 4367 792 4404 v.
810 4351 870 4404 675.
