3084 5124
796 434 838 498 24

267 624 390 706 „prime
419 622 550 688 librario
574 624 681 688 omissi
702 626 757 688 sed
780 623 822 688 ab
845 624 1012 709 διορθωτῇ
1034 622 1067 686 iu
1090 622 1232 705 margine
1253 620 1372 686 adiecti

269 765 330 805 ‚,--
353 724 408 791 sed
430 727 541 803 etiarn,
575 746 672 807 quum
693 726 794 790 multo
816 747 911 808 quarn
933 725 1020 807 prior
1042 724 1191 789 librarius
1214 723 1370 789 oculatior

268 833 321 907 „et
341 826 472 911 peritior
492 834 583 905 esset,
604 827 742 911 plurima
764 827 920 893 scribendi
934 828 1011 892 uitia
1025 827 1173 904 correxit,
1193 827 1276 891 iuter
1291 847 1371 908 quas

269 930 500 1008 „correctiones
522 931 580 994 etsi
601 931 736 995 fortasse
757 931 864 1014 plures
886 933 980 1008 sunt,
1016 951 1094 1012 quas
1123 930 1294 1014 archetypo
1316 951 1371 994 ac-

270 1031 452 1110 ‚·,curatius‚
473 1053 584 1115 quam
612 1053 632 1095 a
659 1033 761 1115 primo
793 1034 923 1100 librario
953 1034 1073 1097 iactum
1102 1036 1190 1109 erat,
1227 1031 1371 1114 inspecto

271 1133 424 1213 ,‚debeat,
460 1135 553 1216 longe
575 1134 675 1199 maior
696 1142 803 1200 tamen
825 1157 934 1200 earum
955 1156 1104 1200 numerus
1126 1139 1194 1211 est,
1230 1155 1310 1216 quas
1332 1155 1371 1198 ex

271 1236 474 1313 ,coniectura
496 1236 598 1302 iactas
620 1259 687 1302 esse
709 1238 890 1302 certissimis
905 1242 1030 1303 constat
1050 1236 1196 1301 indiciis“
1217 1241 1257 1301 et.
1270 1258 1299 1318 q.
1310 1258 1370 1302 sco.

283 1385 285 1389 -
357 1339 426 1417 Quo
452 1340 485 1404 in
507 1338 622 1404 iudicio
645 1361 766 1405 errasse
787 1341 889 1405 virum
910 1340 1126 1405 doctissimum
1148 1339 1256 1403 multis
1278 1343 1373 1422 arg'u-

272 1441 385 1506 mentis
408 1440 617 1526 demonstrari
638 1447 751 1527 potest.
796 1442 863 1506 lam
881 1441 1041 1506 Nauckius
1062 1441 1096 1505 in
1112 1463 1246 1508 censura
1261 1442 1373 1507 editic-

272 1545 321 1608 nis
343 1534 569 1609 Dindorfianae
589 1547 615 1630 ¹)
637 1551 749 1610 contra
772 1547 855 1611 hanc
878 1544 1064 1610 senteutiam
1079 1544 1251 1610 rectissime
1266 1543 1374 1628 dispu-

271 1647 362 1723 tavit,
384 1647 538 1728 imprimis
559 1667 596 1711 eo
620 1653 805 1730 argumento
828 1669 913 1726 usus,
935 1647 1020 1730 quod
1042 1660 1193 1730 magnum
1208 1647 1249 1712 sit
1264 1647 1375 1712 discri-

273 1769 345 1813 men
367 1749 451 1812 inter
472 1748 612 1832 singulas
634 1750 834 1828 mutationes,
857 1771 939 1832 quae
961 1749 992 1814 S.
1014 1749 1206 1814 tribuuntur.

359 1849 441 1914 Nam
462 1850 664 1916 inveniuntur
683 1852 716 1916 in
738 1852 801 1917 illis
824 1852 1067 1929 emendationes
1090 1872 1170 1933 quae
1192 1856 1317 1916 tanturn
1332 1853 1374 1917 ab

274 1953 400 2017 homine
429 1954 508 2016 artis
540 1953 668 2018 criticae
695 1959 727 2018 et
759 1954 917 2020 dictionis·
934 1953 1128 2036 Sophocleae
1157 1955 1375 2036 expertissimo

274 2055 446 2138 excogitari
467 2060 647 2139 potuerunt.
692 2056 774 2134 Quid
788 2078 871 2134 vero,
894 2079 933 2121 ex
948 2055 1105 2121 Dindorfii
1121 2055 1375 2122 sententia'idern

272 2157 327 2221 ille
348 2157 443 2221 homo
464 2157 544 2221 alias
571 2178 695 2240 quoque
725 2160 913 2242 excogstavit
942 2159 1162 2236 coniecturas,
1199 2178 1281 2239 quae
1310 2179 1376 2222 non

274 2258 368 2324 modo
390 2259 513 2325 nullum
535 2281 660 2325 sensum
682 2261 846 2345 praebent,
869 2260 925 2326 sed
947 2262 1042 2326 etiam
1064 2260 1293 2338 demonstrant,
1317 2260 1377 2324 ho-

274 2362 392 2426 minem
412 2363 468 2444 qui
488 2363 567 2428 talia
589 2365 769 2446 excogitare
791 2365 965 2446 potuisset,
1001 2385 1066 2428 non
1088 2361 1211 2445 uulgari
1241 2362 1377 2427 stultitia

275 2470 370 2547 atque
392 2464 549 2547 imperitia
570 2465 749 2547 praeditum
771 2465 889 2530 fuisse?
933 2466 1019 2543 Quae
1042 2464 1124 2530 duae
1139 2486 1189 2528 res
1204 2485 1266 2546 quo
1282 2464 1376 2529 modo

275 2567 359 2632 inter
379 2587 413 2630 se
435 2565 598 2631 conciliari
619 2567 759 2649 possint,
788 2589 852 2632 non
874 2567 1076 2650 intellegitur.
1122 2566 1191 2644 Qua
1213 2589 1252 2630 ex
1273 2588 1308 2631 re
1329 2588 1379 2632 se-

276 2669 384 2750 quitur
405 2667 435 2734 S.
458 2690 523 2733 non
545 2668 640 2734 fuisse
662 2665 860 2756 διορθωτήν,
893 2669 948 2734 sed
969 2669 1149 2748 librarium,
1180 2689 1282 2751 neque
1305 2689 1378 2733 ocu-

275 2771 420 2836 latiorem
444 2791 545 2853 neque
567 2772 747 2855 peritiorem
770 2794 822 2850 eo,
845 2773 900 2854 qui
921 2773 1040 2854 primus
1064 2771 1203 2836 codicem
1227 2771 1377 2836 exaravit.

276 2875 380 2955 Atque
401 2874 479 2938 haec
503 2874 658 2938 sententia
680 2875 750 2938 aliis
773 2896 897 2957 quoque
918 2874 1112 2958 argumentis
1134 2873 1378 2937 demonstratur.

278 2974 410 3057 Scripsit
431 2976 531 3052 enim,
558 2981 594 3038 ut
615 2975 766 3054 uidimuS,
795 2977 825 3041 S.
849 2977 985 3054 scholia,
1014 2977 1047 3040 in
1069 2974 1183 3056 quibus
1204 2975 1306 3040 multa
1327 2995 1380 3040 oc·

279 3082 411 3141 currunt
432 3076 589 3142 scribendi
610 3077 701 3155 vitia,
733 3100 813 3160 quae
837 3100 875 3142 cx
897 3084 988 3161 parte
1011 3100 1028 3141 e
1050 3077 1156 3142 codice
1178 3077 1315 3142 Florent.
1340 3075 1378 3141 G.

279 3178 395 3261 corrigi
416 3185 565 3260 possunt,
588 3185 683 3261 atque
705 3185 814 3262 aperte
835 3181 966 3245 librario
987 3178 1157 3245 tribuenda
1179 3185 1269 3258 sunt3
1292 3179 1379 3245 cuius

279 3280 326 3344 rei
353 3280 460 3360 multa,
483 3281 685 3347 inveniuntur
714 3283 857 3365 exempla
887 3285 920 3348 in
950 3283 989 3346 II.
1018 3289 1105 3346 tomo
1135 3281 1327 3346 scholiorum
1360 3303 1380 3345 a

267 3380 445 3452 .Dindorfi0
473 3383 629 3465 editorum
660 3384 801 3450 Oxoniae
834 3384 925 3448 1852.
969 3384 1058 3448 Talia
1087 3390 1193 3447 autem
1215 3382 1380 3462 librarium

281 3484 497 3567 neglegentem
528 3507 593 3550 non
624 3488 726 3551 virum
766 3487 910 3552 criticum
946 3485 1175 3551 demonstrant.
1241 3484 1381 3562 Accedit,

281 3585 367 3669 quod
388 3586 421 3650 in
444 3587 571 3653 scholiis
593 3589 685 3653 multi
707 3595 877 3654 occurrunt
901 3589 963 3654 loci
985 3589 1112 3654 omuino
1128 3588 1279 3670 corrupti,
1302 3607 1381 3668 quos

281 3682 466 3773 διορθωτής
487 3689 660 3755 certissime
682 3693 888 3770 consuisset,
926 3691 956 3756 S.
971 3695 1085 3760 autem
1106 3691 1174 3754 sine
1195 3689 1262 3753 ulla
1285 3687 1382 3752 offen-

282 3790 368 3854 sione
397 3791 605 3875 transcripsit.
654 3793 704 3858 lta
733 3796 767 3859 in
796 3793 916 3858 scholio
945 3793 987 3858 ad
1016 3791 1051 3856 Ο.
1082 3790 1115 3855 C.
1144 3813 1173 3854 v.
1199 3791 1279 3855 1061
1310 3795 1383 3873 post

283 3889 522 3978 παρακειμένης
551 3897 692 3978 sequitur
721 3921 756 3978 a,
797 3896 883 3979 quod
911 3896 972 3961 hoc
1003 3895 1074 3960 loco
1104 3893 1228 3958 nullum
1257 3914 1383 3958 sensum

282 3993 414 4077 praebet
435 4000 467 4060 et
489 3996 661 4062 certissime
682 3999 807 4081 probat,
828 3999 919 4064 illum
941 3998 994 4080 qui
1017 3997 1095 4062 haec
1118 3995 1245 4078 scripsit
1267 3994 1383 4059 codicis

283 4096 414 4178 vestigia
436 4116 533 4178 quam
553 4101 789 4165 accuratissime
821 4101 887 4166 sine
917 4099 984 4164 ullo
1013 4119 1069 4162 suo
1098 4097 1214 4163 iudicio
1242 4102 1383 4162 secutum

284 4259 488 4270 ...-.-.--

357 4332 378 4400 Ι)
413 4327 728 4385 Jahuslahrbb.1862.
764 4345 789 4396 p.
811 4328 860 4380 162
881 4345 921 4396 sq.
