3084 5124
664 469 703 534 19

131 657 225 722 dubie
246 655 342 739 igitur
363 675 445 736 quae
466 675 535 720 eam
557 655 727 738 adscripsit
747 675 860 720 manus
882 653 966 720 XllI.
984 653 1112 734 saeculi,
1133 661 1170 719 ut
1189 656 1235 720 vl-

130 759 238 835 detur,
261 778 325 822 non
348 778 437 822 suam
459 756 628 840 adscripsit
649 758 865 822 coniecturam
884 759 920 843 ¹).
965 757 1023 822 His
1045 757 1235 840 subiungam

130 861 178 923 Ai.
201 883 229 924 v.
245 860 337 938 1141,
357 860 414 924 ubi
434 865 519 924 recte
542 880 561 923 a
582 881 630 943 pr.
645 883 686 924 m.
709 860 839 943 legitur:
862 851 932 924 ἀλλ’
954 852 1155 938 ἄντακούσει,
1180 857 1235 924 sed
1284 885 1287 888 ·

129 962 274 1026 additum
296 968 344 1026 est
364 984 411 1048 γρ.
429 958 467 1026 σι)
493 955 523 1024 d'
545 956 748 1043 ἀνιακούσιι,
771 962 857 1044 quod
878 962 1051 1027 certissime
1072 982 1137 1026 non
1159 981 1235 1038 con-

129 1065 268 1128 iecturae
290 1063 431 1142 debetur,
453 1085 528 1129 nam
550 1063 626 1145 quid
647 1085 726 1147 opus
749 1065 873 1130 eratin
894 1063 965 1129 loco
987 1069 1055 1130 tam
1077 1065 1234 1147 plancae

130 1167 296 1248 perspicuo
319 1167 523 1232 coniectura?
565 1167 758 1250 Recipienda
789 1172 894 1232 autem
916 1173 965 1232 est
986 1165 1100 1246 lectio,
1136 1187 1233 1248 quam

130 1289 242 1333 manus
264 1267 331 1332 XV.
354 1269 473 1332 saeculi
494 1268 537 1332 ad
560 1269 607 1332 Ai.
629 1291 658 1333 v.
678 1271 757 1334 1011
780 1269 951 1351 adscripsit
971 1290 1018 1354 γρ.
1041 1263 1149 1354 ἥδιον,
1180 1267 1234 1334 ubi

129 1371 162 1434 in
185 1370 292 1438 codice
314 1371 429 1454 legitur
450 1369 554 1451 ἱλεων,
578 1372 664 1453 quod
685 1372 773 1437 haud
795 1371 888 1436 dubie
910 1392 949 1436 ex
970 1393 998 1434 v.
1017 1370 1099 1434 1009
1120 1370 1155 1434 in
1176 1390 1234 1434 nc·

133 1477 233 1536 strum
254 1473 357 1537 locum
380 1474 517 1556 irrepsit.
561 1473 711 1557 Magnam
733 1494 828 1556 porro
851 1473 1075 1538 auctoritatem
1090 1471 1151 1538 sibi
1165 1472 1234 1536 'rin-
1326 1559 1328 1564 Ι

134 1573 240 1639 dicare
260 1581 372 1657 potest.
416 1598 463 1661 γρ.
488 1571 550 1663 ἔων]
573 1597 592 1640 a
614 1598 654 1641 m.
678 1576 762 1640 XHI.
778 1577 829 1640 vel
849 1575 931 1641 XIV.
955 1575 1073 1640 saeculi
1095 1572 1136 1638 ad
1150 1573 1231 1642 Phil.

123 1698 162 1740 ·v.
178 1677 249 1757 444,
271 1677 326 1742 ubi
347 1678 450 1759 prima
471 1679 597 1761 scripsit
611 1673 695 1759 ἔων,
720 1686 752 1745 et
774 1679 857 1744 hano
879 1677 1008 1755 falsam,
1030 1677 1119 1742 illam
1141 1677 1233 1742 unice

133 1800 236 1844 veram
257 1801 324 1845 esse
346 1779 386 1844 ab
410 1779 555 1844 omnibus
577 1781 750 1846 editoribus
772 1781 914 1846 sumitur.
958 1779 1099 1845 Debetur
1127 1784 1233 1844 autem

129 1881 230 1948 ecdici
253 1883 380 1947 conlato
401 1904 448 1968 γρ.
474 1879 530 1946 καὶ
553 1878 593 1946 σύ
615 1903 682 1946 που
704 1878 809 1970 φίλων
832 1904 852 1946 a
873 1904 914 1946 m.
937 1887 1054 1948 recent.
1076 1881 1110 1946 in
1131 1879 1180 1944 El.
1203 1902 1231 1946 v.

130 1983 218 2062 948,
254 1983 310 2049 ubi
331 1985 425 2049 Laur.
448 1984 545 2049 habet
572 1981 629 2050 καὶ
649 1989 718 2050 ποῦ
737 2006 792 2050 σοι
813 1980 941 2072 φίλων,
980 2004 1061 2066 quae
1083 1987 1234 2065 corrupta

130 2086 224 2150 lectio
245 2108 266 2152 a
287 2088 461 2152 recentiore
488 2087 660 2152 scholiasta
686 2088 884 2170 explicatur:
918 2078 1015 2173 ἤγουν
1040 2083 1096 2150 καὶ
1121 2081 1233 2150 πόθεν

130 2209 183 2253 σοι
206 2183 338 2254 ἔσονται
360 2185 453 2276 φίλοι
470 2192 509 2276 2).
551 2189 601 2254 Ab
623 2190 733 2255 eadem
755 2189 889 2254 fortasse
911 2209 1008 2254 manu
1021 2188 1141 2253 recenti
1155 2188 1233 2252 scri-

12 2339 13 2346 .
129 2297 185 2373 pta
214 2297 263 2356 est
291 2292 380 2356 varia
408 2292 501 2357 lectio
530 2293 572 2357 ad
595 2293 644 2357 El.
667 2316 695 2358 v.
712 2293 792 2371 985,
824 2291 880 2357 ubi
902 2289 1001 2356 codex
1022 2287 1067 2376 μὴ
1090 2281 1233 2356 'alensis

128 2399 214 2458 recte
235 2393 382 2476 praebet,
405 2395 559 2460 nonnulla
579 2401 686 2460 antem
707 2393 893 2478 apographa
913 2389 959 2480 μὴ
975 2392 1099 2471 λιπεῖν,
1122 2412 1233 2458 recens

12 2511 14 2556 1
130 2510 243 2560 manus
264 2496 435 2580 adscripsit
455 2519 502 2584 γρ.
519 2494 577 2579 μοὶ
599 2499 710 2564 λιπεῖν
731 2497 904 2562 certissime
925 2515 990 2560 non
1012 2515 1051 2559 ex
1073 2495 1233 2560 coniectu·

130 2619 177 2662 ra.
220 2598 322 2675 Quam
348 2606 517 2665 accuratus
546 2622 586 2666 ne
616 2601 720 2666 dicam
742 2599 858 2664 stultus
880 2598 1029 2665 librarius
1051 2618 1119 2662 sese
1140 2617 1233 2680 prae-

13 2715 15 2720 ·
131 2700 247 2764 stiterit
267 2703 301 2766 in
322 2701 510 2768 lectionibus
532 2703 780 2768 transcribendis
803 2702 920 2784 optime
941 2701 1147 2765 demonstrat.
1181 2698 1233 2763 El.

130 2802 258 2866 111275
279 2804 334 2868 ubi
355 2805 448 2869 Laur.
472 2807 504 2868 in
525 2812 615 2872 textu
635 2796 873 2869 nolvccmoid'
896 2796 974 2865 λόὠν
995 2800 1101 2879 habet,
1122 2821 1232 2867 recens

131 2925 241 2969 manus
263 2907 433 2990 adscripsit
454 2930 500 2995 γρ.
525 2901 583 2972 oo’
604 2909 621 2972 ἰ’
639 2899 725 2970 'dola

214 3031 322 3099 Potest
350 3036 478 3117 quidem
507 3042 592 3102 recte
614 3035 772 3100 iudicasse
795 3031 930 3099 Kvidala
951 3030 1099 3098 librarios
1121 3030 1234 3116 siglam

128 3157 175 3222 γρ.
199 3157 264 3200 non
286 3136 325 3202 de
348 3158 405 3202 suo
427 3137 600 3219 addidisse,
623 3139 678 3204 sed
699 3141 763 3204 iam
785 3139 819 3202 in
841 3159 878 3202 eo
901 3135 1018 3213 codice,
1041 3154 1135 3217 quem
1157 3152 1233 3199 con·

128 3237 279 3317 tulerunt,
302 3240 475 3321 invenisse,
503 3243 625 3306 nullam
647 3247 754 3306 autem
775 3239 866 3330 video
889 3259 1033 3314 causam,
1056 3257 1113 3301 cur
1134 3232 1233 3302 libra-

127 3341 183 3405 riis
206 3342 416 3424 cognitionem
444 3344 669 3410 usitatissimae
697 3350 816 3422 notae,
852 3363 916 3425 qua
943 3341 976 3406 in
1007 3339 1097 3405 libris
1125 3341 1232 3404 variae

128 3443 280 3508 lectiones
302 3451 464 3525 notantur,
487 3446 719 3526 abiudicemus3
749 3451 781 3511 et
802 3445 970 3521 librarius,
992 3443 1047 3524 qui
1069 3441 1111 3506 ad
1132 3443 1181 3507 Ai.
1204 3463 1232 3506 v.

127 3545 201 3624 467,
223 3545 279 3610 nbi
290 3547 390 3611 codex
411 3543 512 3634 ἔρυμα
533 3548 639 3627 habet,
661 3547 830 3632 adscripsit
851 3568 898 3633 γρ.
912 3540 1099 3626 πολύχνιον,
1124 3549 1233 3610 certis·

128 3648 206 3713 sime
230 3647 343 3732 siglam
363 3649 452 3716 illam
473 3651 513 3716 de
535 3671 592 3715 suo
613 3650 746 3730 addidit,
768 3672 843 3715 nam
864 3652 953 3733 patet
973 3648 1008 3713 in
1021 3647 1156 3713 'conbto
1179 3667 1233 3712 co·

200 3915 221 3980 ¹)
257 3911 383 3975 Wolffius
401 3931 429 3982 p.
445 3912 495 3965 176
513 3913 634 3966 activum
651 3912 783 3980 defendit,
803 3911 961 3966 Dindorfius
982 3909 1092 3964 conlata
1103 3905 1234 3974 Hesychii

125 4002 219 4072 glossa
236 3997 401 4073 ἐξεπράξατο
415 4020 421 4054 :
437 3996 585 4070 ἐφόνευσεν
601 4001 723 4054 medium
736 4001 875 4070 praetulit.
913 4000 1015 4053 Contra
1033 3995 1233 4050 Schneidewini

126 4089 313 4142 coniecturam
332 4084 384 4140 κᾶν
402 4085 524 4159 ἔξένιραέ
543 4085 597 4151 ἂν,
629 4088 663 4142 cf.
683 4104 753 4157 quae
770 4086 917 4141 Elmsleiue
942 4085 1054 4154 scripsit
1079 4085 1115 4138 ad
1135 4083 1231 4153 Eurip.

126 4177 200 4232 Med.
220 4194 248 4245 p.
270 4178 330 4231 150.

198 4263 221 4332 ²)
258 4263 294 4318 cf.
319 4264 405 4319 schol.
429 4264 464 4318 ad
487 4263 685 4319 0111631
718 4281 760 4333 γρ.
780 4263 901 4333 καιρίαν·
925 4255 1012 4330 ἤγουν
1033 4256 1102 4312 κατὰ
1127 4257 1231 4330 καιρόν.

126 4369 152 4420 p.
176 4353 218 4405 19.
1221 4379 1223 4382 -

864 4397 1074 4504 ,w
