3084 5124
689 1279 718 1361 I.

237 1575 321 1641 Talis
343 1599 415 1642 cum
437 1579 478 1641 sit
499 1578 616 1643 codicis
637 1577 844 1644 Laurentiani
858 1584 997 1657 natura,
1020 1599 1077 1661 per
1099 1597 1132 1641 se
1153 1581 1251 1661 patet,

152 1700 248 1762 quam
269 1680 352 1744 viam
374 1680 415 1744 ad
437 1681 688 1766 cognoscendam
708 1683 868 1746 variarum
888 1682 1060 1746 lectionum
1080 1667 1254 1744 auctorita-

152 1787 215 1846 tem
237 1803 295 1848 nos
318 1781 441 1866 ingredi
462 1789 628 1867 oporteat3
665 1785 801 1866 primum
829 1785 913 1848 enirn
940 1804 995 1847 eae
1024 1781 1253 1848 examinandae

152 1890 226 1949 sunt
246 1885 353 1950 variae
375 1885 540 1964 lectiones,
578 1908 659 1969 quae
680 1893 752 1985 post
774 1887 896 1952 librarii
918 1886 1019 1964 illius,
1054 1885 1109 1967 qui
1132 1882 1253 1948 scholia

151 1989 310 2066 exaravit,
339 1995 483 2071 tempora
504 1989 639 2072 margini
662 1988 778 2052 codicis
801 1989 981 2070 adscriptae
1004 1991 1094 2064 sunt,
1122 1991 1190 2050 turn
1211 1984 1253 2048 ad

150 2089 222 2154 illas
243 2090 457 2171 transibimuS,
479 2112 560 2172 quae
582 2090 656 2156 hnic
678 2091 740 2172 ipsi
761 2090 901 2171 librario,
923 2090 983 2170 vel,
1012 2094 1048 2153 ut
1069 2085 1253 2152 Dindorfius

150 2196 244 2274 putat
265 2191 432 2280 ὄιορθωτῇ
453 2191 617 2272 debentur,
640 2193 774 2275 denique
796 2214 849 2257 eas
864 2193 1082 2269 tractabimus,
1105 2210 1186 2272 quae
1201 2210 1253 2252 ve-

149 2299 253 2358 terum
274 2297 552 2377 grammaticorum
573 2297 762 2374 auctoritate
784 2296 924 2360 munitae
945 2302 1028 2360 sunt.

236 2731 281 2796 Ut
301 2731 397 2814 igitur
418 2733 526 2796 statim
540 2732 582 2796 ad
596 2753 650 2797 eas
664 2732 768 2798 varias
783 2731 933 2796 lectiones
948 2730 1146 2811 accedamus,
1170 2751 1252 2814 quae

150 2835 324 2917 posteriore
345 2841 503 2919 tempore,
540 2856 636 2918 quam
659 2834 780 2899 scholia
802 2833 982 2917 adscriptae
1004 2838 1092 2913 sunt,
1127 2837 1160 2898 ct
1182 2833 1251 2914 qui-

149 2935 227 3014 bus,
253 2941 291 3000 ut
311 2929 415 3020 patet,
440 2938 531 3002 nulla
552 2936 797 3002 scholiastarum
817 2936 991 3001 auctoritas
1012 2934 1151 3014 accedit;
1187 2934 1254 3018 pri·

149 3057 238 3102 mum
259 3039 451 3105 monendum
472 3047 529 3119 est,
552 3039 682 3106 diversis
703 3061 757 3104 eas
780 3038 888 3104 deberi
908 3037 1064 3116 manibus,
1087 3057 1168 3120 quae
1187 3057 1252 3101 non

149 3129 267 3222 nbique
288 3143 371 3208 inter
393 3163 426 3207 se
448 3141 590 3226 dignosci
610 3147 754 3225 possunt.
797 3142 957 3207 Discernit
977 3137 1161 3204 Dindorfius
1183 3137 1253 3221 qni-

150 3240 223 3306 dem
244 3242 277 3305 in
292 3243 495 3326 'praefatione
516 3245 600 3309 inter
621 3265 750 3308 manum
765 3245 940 3326 antiquam,
962 3243 1059 3308 aliam
1077 3242 1252 3322 antiquam,

149 3349 318 3423 recentem,
341 3347 606 3426 recentissimam
630 3346 740 3411 sedin
763 3346 951 3411 lectionibus
971 3333 1090 3410 codicis
1111 3343 1253 3408 Lauren-

148 3445 230 3509 tiani
250 3435 331 3512 aiia‘s
354 3467 478 3530 quoque
500 3453 749 3528 commemorat,
787 3448 897 3531 quales
922 3451 997 3512 sunt
1026 3465 1138 3511 manus
1159 3442 1252 3508 valde

149 3547 306 3628 antiqua,
342 3549 452 3631 paullo
479 3552 658 3630 recentior,
695 3572 808 3616 manus
830 3550 949 3616 saeculi
970 3547 1054 3612 XIII.
1077 3545 1159 3612 XIV.
1183 3544 1250 3610 XV.

149 3647 233 3714 xvi.
276 3649 360 3716 Talis
383 3674 454 3716 curn
476 3654 517 3717 sit
538 3654 707 3719 multitudo
730 3654 923 3719 diversarum
945 3671 1096 3716 manuum
1108 3697 1117 3728 ,
1153 3667 1253 3731 appa-

149 3756 215 3832 ret,
238 3772 333 3834 quam
355 3753 483 3822 difficile
505 3757 561 3835 sit,
590 3757 669 3821 certi
689 3756 811 3838 aliquid
833 3755 872 3821 de
895 3753 1092 3839 singularum
1114 3749 1252 3815 auctori·

148 3858 216 3919 tate
237 3855 388 3938 proferri3
410 3862 566 3936 attamen,
589 3859 701 3941 quanti
721 3858 873 3924 momenti
894 3858 954 3923 hoc
977 3857 1018 3920 sit
1039 3855 1081 3920 ad
1102 3873 1169 3918 rem
1190 3852 1253 3917 cri-

148 3956 245 4022 ticam
275 3959 482 4025 exercendam
512 3960 607 4026 facile
640 3961 876 4050 intellegitur..
907 3957 1064 4025 Diodorfii
1082 3961 1108 4036 ¹)
1145 3960 1252 4020 autem

150 4061 307 4125 sententia
329 4061 368 4126 de
389 4062 453 4127 illis
474 4064 623 4129 manibus
644 4064 723 4130 haec
752 4069 823 4128 est:
861 4062 958 4141 „Post
979 4060 1064 4124 huno
1085 4059 1251 4125 librarium

156 4205 362 4219 *nu-.—

179 4303 198 4367 Ι)
240 4301 279 4353 cf.
300 4319 318 4370 p
336 4300 405 4356 raef.
423 4318 450 4370 p.
470 4301 502 4356 V.
