3084 5124
701 457 743 520 57

173 637 337 728 φθίνοντα
359 638 419 726 γὰρ
441 640 554 706 Λαΐου
575 641 741 730 θέσφατα,
765 643 851 726 quod
872 651 957 711 recte
979 646 1204 730 interpretatus
1225 652 1273 711 est

171 745 253 810 alter
275 746 499 827 grammaticus
521 745 623 810 verbis
646 742 782 825 παλαιά,
807 742 1069 833 παρεληλυθότα,
1093 749 1174 814 alter
1188 769 1271 826 vero,

173 847 304 912 haerens
328 847 361 910 in
383 847 444 912 hoc
465 847 570 926 verbo,
593 847 689 913 scribi
710 848 825 913 voluit:
855 843 1002 935 φθίνων·
1025 845 1067 912 τὰ
1088 845 1147 933 γὰρ
1159 847 1272 914 Λαΐου

172 946 338 1034 θέσφατα,
362 969 444 1031 quae
467 951 659 1029 coniectura,
681 971 875 1034 quamquam
896 951 979 1016 falsa
999 957 1055 1029 est,
1078 957 1185 1016 tamen
1208 973 1273 1016 non

172 1051 302 1116 dedecet
322 1053 424 1116 virum
446 1053 598 1116 criticum.
649 1053 721 1117 Alia
750 1054 931 1119 coniectura
952 1053 1039 1119 facta
1060 1059 1107 1118 est
1127 1075 1147 1119 a
1169 1075 1273 1138 gram·

172 1155 289 1218 matico
311 1153 352 1218 ad
374 1154 446 1218 Ant.
470 1177 498 1218 v.
515 1153 594 1233 454,
628 1176 691 1238 qua
720 1177 784 1220 non
812 1177 963 1240 magnum
991 1156 1129 1220 ostendit
1156 1157 1273 1241 ingenii

170 1277 312 1322 acumen.
356 1255 393 1319 In
416 1255 525 1321 codice
547 1257 630 1321 enim
645 1258 780 1342 legitur:
802 1253 844 1321 τὰ
866 1253 908 1322 σὰ
930 1250 1121 1344 κηρύγμαθ’»
1134 1251 1211 1323 ὥστ’
1233 1251 1272 1322 d-

171 1378 302 1441 γραπτα
323 1350 477 1445 κάσφαλῆ
497 1361 586 1422 θεῶν
607 1355 730 1441 νόμιμα
752 1365 848 1442 atque
869 1359 955 1424 idem·
974 1365 1094 1426 veteres
1115 1381 1273 1445 gramma-

170 1460 226 1524 tici
247 1461 401 1544 legerunt,
424 1459 552 1526 fuerunt
566 1466 683 1540 tamen,
707 1464 761 1545 qui
783 1463 845 1546 legi
866 1462 984 1526 vellent
1004 1457 1049 1540 ὥς
1069 1458 1110 1527 τὰ
1131 1457 1271 1546 γράπτα,

170 1566 207 1626 ut
228 1561 370 1626 scholion
393 1561 605 1628 demonstrat:
633 1563 719 1641 τινές
741 1561 824 1650 φασὶ
847 1559 888 1626 τὰ
910 1559 1061 1650 γράπτα·
1091 1557 1129 1630 οὗ
1151 1561 1210 1650 γὰρ
1233 1558 1272 1628 d-

155 1684 292 1750 ,γραφοι
314 1666 378 1728 τῶν
400 1668 489 1730 θεῶν
511 1659 542 1729 οὶ
565 1661 669 1748 νόμοι.
715 1665 786 1730 Nou
808 1673 875 1730 tam
897 1667 1016 1750 inepta,
1048 1667 1102 1732 sed
1125 1689 1273 1750 superva-

67 1761 70 1768 ’
169 1767 339 1830 causaest
361 1767 541 1831 coniectura
563 1770 676 1833 veteris
696 1769 903 1852 grammatici,
926 1768 967 1833 ad
982 1769 1029 1832 li.
1051 1791 1079 1832 v.
1096 1769 1173 1833 211:
1198 1764 1274 1833 ἕπετ’

170 1889 209 1933 σε
230 1865 323 1948 λέχος
346 1864 562 1953 δοσριάλωτον
586 1867 719 1955 στέρξας
741 1865 845 1950 α’νέχει
867 1865 1003 1956 θούριος
1025 1864 1127 1951 Αἴας,
1150 1872 1273 1954 putavit

170 1971 258 2036 enim
280 1969 443 2036 abundare
472 1973 738 2055 praepositionem
765 1965 845 2050 α’νά,
886 1972 920 2036 in
950 1993 1012 2054 quo
1043 1972 1158 2037 iudicio
1188 1973 1273 2038 haud

168 2071 265 2138 dubie
289 2072 389 2136 falsus
412 2077 477 2152 est,
501 2079 532 2138 et
553 2080 721 2157 propterea
745 2073 840 2138 scribi
860 2075 977 2139 voluit:
999 2072 1177 2159 στέρξασαν
1199 2070 1273 2156 diget,

167 2196 251 2257 quae
275 2174 456 2239 coniectura
477 2177 511 2240 in
532 2176 627 2240 Laur.
650 2177 790 2260 inrepsit.
1278 2198 1280 2202 ’

256 2276 461 2343 Grammatici
477 2297 601 2360 quoque
618 2279 826 2356 coniecturae,
850 2276 905 2342 sed
928 2278 1117 2356 senissimae,
1141 2278 1273 2346 debetur

169 2379 265 2444 lectio
287 2401 372 2444 nunc
394 2378 435 2442 ab
459 2380 603 2446 omnibus
627 2384 754 2463 recepta
781 2381 823 2444 ad
846 2380 881 2444 0.
904 2379 937 2443 O.
960 2402 987 2443 v.
1014 2380 1094 2442 1077
1124 2385 1183 2444 τᾶν
1205 2382 1272 2446 δει-

170 2477 211 2545 νὰ
233 2481 365 2562 τλασᾶν,
390 2477 480 2545 δεινὰ
503 2475 532 2545 d’
554 2477 709 2568 εὗρσασᾶν
727 2521 763 2530 -
783 2478 889 2569 πάθη,
917 2504 991 2547 nam
1013 2483 1048 2546 in
1069 2483 1177 2548 codice
1198 2484 1274 2568 legi-

170 2591 240 2668 tur:
262 2579 321 2646 τάν
346 2619 382 2630 -
407 2583 530 2648 τλᾶσαν
552 2621 593 2632 -
615 2578 780 2669 εὑροῦσαν,
812 2590 907 2667 atque
929 2585 962 2649 iu
985 2583 1114 2648 scholiis
1135 2586 1274 2669 explica-

170 2693 233 2764 tur,
256 2687 311 2750 sed
333 2685 449 2752 ibidem
465 2686 623 2752 additum:
647 2681 782 2751 δύναται
805 2683 909 2751 δὲκαὶ
925 2681 1019 2772 ἑτέρα
1041 2679 1124 2752 εἶναι
1146 2681 1165 2774 ἡ
1189 2708 1273 2774 πρσ-

171 2783 299 2867 σωδέα,
338 2789 364 2853 si
395 2788 455 2852 hoc
482 2790 610 2854 omnino
640 2789 852 2853 coniecturam
882 2791 1045 2854 nominare
1067 2789 1164 2869 licet,
1202 2813 1272 2854 cum

171 2891 328 2969 sciamuS,
362 2897 509 2955 accentus
543 2891 584 2956 ab
607 2891 829 2956 Alexandrinis
851 2892 1065 2974 grammaticis
1086 2914 1145 2975 pro
1172 2891 1273 2957 luhito

170 2993 290 3076 positos
312 3013 387 3058 esse.

256 3093 327 3158 Non
349 3099 454 3160 autem
477 3116 598 3178 semper
618 3099 686 3159 tam
709 3103 835 3162 tenaces
852 3119 918 3163 sese
935 3099 1140 3164 ostenderunt
1154 3106 1273 3165 veteres

171 3197 286 3274 critici,
310 3198 433 3279 saepius
455 3198 538 3262 enim
560 3198 593 3261 in
615 3199 804 3264 coniecturis
828 3201 951 3283 longius
973 3201 1124 3266 recedunt
1145 3225 1165 3266 a
1187 3202 1272 3266 codi-

172 3321 243 3362 cum
266 3301 437 3382 scriptura‚
472 3299 556 3382 quod
578 3299 776 3366 demonstrat
799 3302 833 3366 Ο.
857 3301 890 3365 O.
913 3324 941 3365 v.
964 3303 1026 3366 467
1049 3324 1094 3387 γρ.
1118 3298 1271 3368 κατάστε-

174 3411 250 3486 ψσν,
273 3401 312 3464 de
335 3421 398 3483 qua
413 3402 595 3466 coniectura
617 3407 712 3467 autea
729 3403 880 3482 diximus3
902 3404 1055 3487 imprimis
1070 3411 1176 3469 autem
1200 3407 1271 3469 Ant.

171 3527 198 3568 v.
223 3502 303 3580 646,
340 3502 394 3567 ubi
416 3503 515 3568 codex
537 3504 650 3569 habet:
687 3498 721 3568 τί
749 3498 837 3569 τόνδ’
867 3497 906 3568 ἂν
935 3499 1046 3582 εἴπαις
1073 3497 1153 3570 ἅλλα
1186 3504 1272 3593 πλὴν

171 3599 259 3690 αὐτῷ
281 3600 403 3683 πόνους
424 3609 536 3692 φῦσαι,
560 3606 593 3670 in
609 3607 737 3672 scholiis
752 3613 858 3672 autem
873 3607 1002 3691 legitur:
1024 3628 1070 3693 γρ.
1087 3605 1209 3686 πέδας·
1231 3602 1272 3672 ἵν’

170 3697 389 3792 ᾖέμπόὸισν,
426 3703 565 3790 δεσμούς
577 3757 584 3787 ,
619 3702 752 3790 κώλυμα
773 3713 832 3772 τοῦ
854 3705 1029 3795 πράττειν,
1066 3699 1269 3794 ἃβσύλεται.

171 3809 262 3874 Hanc
284 3810 452 3874 lectionem
472 3811 641 3893 genuinam
664 3832 750 3890 esse,
773 3812 922 3892 alteram,
945 3834 1026 3895 quae
1047 3813 1081 3878 in
1102 3818 1193 3878 textu
1214 3820 1271 3892 est,

170 3913 336 3994 glossema,
360 3911 539 3977 Wunderus
561 3917 592 3976 et
613 3911 759 3978 Wolffius
780 3919 910 3996 putant3
948 3915 1018 3998 quis
1039 3915 1146 3980 autem
1167 3913 1272 3993 πέδας

170 4035 226 4096 per
249 4009 371 4090 πόνους
392 4014 617 4098 explicaverit?
662 4013 768 4102 us'dp:
799 4007 886 4094 εἶδος
908 4010 1077 4094 ἱππασίας
1098 4012 1154 4082 καὶ
1176 4040 1271 4104 περι-

172 4110 296 4192 σκελίς·
319 4113 439 4196 δεσμός
459 4117 556 4182 habet
576 4117 751 4201 Hesychius
774 4123 805 4182 et
827 4119 998 4184 scholiasta
1012 4125 1139 4184 noster:
1163 4116 1270 4202 ἐμπό-

172 4215 264 4294 διον,
303 4213 443 4299 δεσμούς
469 4226 501 4283 et
528 4219 626 4284 schol.
656 4218 698 4283 ad
720 4219 831 4284 Trach.
859 4241 887 4283 v.
913 4221 993 4283 1057
1023 4221 1148 4305 (Elmsl.
1174 4223 1270 4306 1059)

172 4315 279 4404 πέόῃ.·
302 4314 415 4406 ἐποχῇ,
437 4315 526 4407 ἥττῃ.
560 4321 665 4398 Quare
686 4322 787 4386 multo
810 4322 1010 4388 verisimilius
1025 4330 1081 4404 est,
1096 4325 1180 4390 hanc
1202 4346 1270 4390 esse
