3084 5124
815 455 859 518 50

288 645 455 729 depravari
474 645 588 728 potuit,
608 663 710 725 neque
731 664 770 707 ex
791 641 902 708 addita
917 641 1141 724 explicatione:
1165 629 1235 703 οἷον
1254 636 1335 722 χολῇ
1356 629 1390 702 d'-

284 767 376 832 χρισε
397 743 455 810 τὸν
476 750 597 828 χιτῶνα
618 745 829 811 demonstrari
851 751 970 826 potest,
999 743 1082 808 hanc
1111 763 1179 806 esse
1200 739 1391 804 scholiastae

288 849 512 914 coniecturam.
543 848 653 929 Neque
674 847 860 931 putaverim,
882 847 1097 911 econiectura
1120 851 1224 910 ortam
1247 862 1315 906 esse
1337 860 1392 905 va-

287 951 369 1014 riam
399 950 567 1014 lectionem
598 949 642 1014 ad
677 971 706 1014 v.
730 949 812 1012 1183
840 946 1089 1032 (Ε11111.1185)
1125 969 1172 1032 γρ.
1203 938 1393 1032 προστήσρς

288 1045 372 1132 ἐμοί,
396 1071 478 1133 quae
500 1051 675 1135 explicatur
694 1051 812 1118 verbis:
834 1043 904 1114 ἀπὸ
918 1051 1107 1136 μεταφορᾶς
1120 1051 1185 1112 τῶν
1201 1045 1234 1112 ἐν
1248 1051 1289 1133 τῇ
1303 1039 1392 1132 βρώ-

288 1173 340 1216 σει
363 1157 489 1237 ψωμῶν
506 1152 787 1240 προσισταμένων,
811 1173 886 1218 nam
907 1151 1037 1218 verbum
1059 1144 1285 1237 ἕναντιωδὴσῃ
1307 1149 1393 1231 glos-

289 1273 357 1318 sam
378 1276 462 1334 esse,
493 1277 575 1338 quae
597 1257 640 1322 ad
660 1257 794 1322 alteram
816 1275 947 1337 eamque
969 1275 1076 1319 veram
1103 1254 1294 1336 scripturam
1322 1269 1377 1334 spe

288 1361 367 1434 etet,
405 1355 551 1422 Wolffius
580 1363 666 1424 recte
695 1358 850 1442 cognovit.
904 1356 967 1422 Sed
992 1357 1045 1420 vix
1076 1355 1243 1420 diiudicari
1278 1358 1393 1436 potest,

288 1463 394 1524 utrum
415 1481 454 1524 ex
476 1461 658 1526 coniectura
679 1481 722 1526 an
754 1479 861 1526 errore
895 1465 985 1524 ortae
1018 1459 1082 1523 sint
1103 1457 1210 1545 variae
1241 1457 1393 1521 lectiones

288 1561 331 1625 ad
358 1559 579 1628 difficillimum
610 1570 642 1628 et
671 1562 941 1645 corruptissimum
970 1559 1050 1624 Phil.
1080 1559 1241 1639 11093,
1278 1558 1333 1624 ubi
1359 1559 1393 1622 in

288 1663 391 1746 altero
430 1663 550 1728 scholio
590 1660 749 1750 δρομάδες
778 1662 982 1746 explicatur,
1018 1662 1052 1726 in
1081 1661 1182 1728 altero
1211 1656 1391 1738 πτωκάδες,

289 1770 454 1848 praeterea
476 1772 582 1832 autem
604 1789 650 1852 γρ.
668 1762 839 1848 πτωχάδες
861 1770 1135 1842 commemoratur,
1157 1764 1243 1847 quod
1257 1764 1393 1828 fortasse

290 1867 489 1932 coniecturae
510 1868 651 1934 debetur.
701 1869 750 1933 Ex
771 1867 900 1934 scholiis
921 1867 1018 1951 igitur
1040 1867 1113 1931 huic
1135 1866 1206 1931 loco
1234 1863 1394 1931 subveniri

288 1989 355 2034 non
376 1973 498 2051 potest,
530 1991 606 2036 nam
633 1972 728 2037 etiam
756 1971 946 2036 scholiastae
968 1989 1040 2033 eum
1062 1973 1246 2050 corruptum
1267 1968 1394 2032 invene-

289 2076 375 2135 runt.
418 2070 490 2136 Non
511 2079 618 2138 autem
640 2073 766 2150 dubito,
801 2073 878 2154 quin
907 2069 1029 2138 librarii
1059 2072 1157 2135 errori
1183 2069 1323 2136 tribuam
1343 2091 1391 2156 γρ.

290 2163 421 2258 dunno,
445 2173 531 2255 quod
551 2175 594 2238 ed
614 2173 846 2239 Ρ1111.1.1111.
868 2175 902 2238 in
923 2172 1053 2239 scholiis
1075 2178 1340 2238 commemoratur
1361 2178 1394 2236 et

291 2276 478 2358 explicatur,
500 2277 582 2342 sicut
603 2297 677 2342 vere
700 2278 857 2359 scriptura
875 2268 1018 2355 ἄσκοπα,
1043 2295 1125 2356 quae
1146 2275 1247 2340 estin
1276 2273 1393 2339 codice.

292 2377 423 2442 Maximi
444 2379 595 2442 momenti
610 2399 735 2462 quoque
757 2384 806 2443 est
825 2379 914 2444 varia
928 2378 1022 2443 lectio
1043 2377 1087 2442 ad
1105 2377 1155 2442 El.
1178 2377 1296 2456 1451,
1319 2395 1394 2442 nam

290 2478 418 2564 Didymi
436 2481 463 2565 ¹)
493 2479 610 2545 fruitur
632 2481 837 2559 auctoritate,
870 2479 947 2544 dicit
968 2480 1052 2544 enim
1075 2480 1247 2545 scholiasta
1268 2485 1395 2563 praeter

290 2581 458 2646 lectionem
480 2575 627 2669 ἀλιπαρῆ
648 2578 750 2666 τρίχα,
785 2601 867 2664 quae
887 2603 972 2647 nnnc
994 2603 1014 2647 a
1034 2582 1192 2666 plerisque
1213 2580 1394 2646 hominibus

291 2683 392 2748 doctis
411 2684 607 2768 praefertur,
636 2686 787 2768 scriptam
809 2684 905 2750 fuisse
927 2680 961 2748 dv
981 2689 1029 2770 τῷ
1052 2678 1264 2773 ὑπομνήματι
1285 2684 1395 2749 lectio-

292 2807 364 2850 nem
386 2785 528 2873 λιπαρῆ,
564 2787 653 2852 cuius
674 2787 765 2853 addit
786 2787 1045 2872 explicationem,
1080 2793 1176 2869 atque
1197 2787 1276 2852 haec
1299 2787 1393 2852 lectio
1508 2807 1509 2884 ᾗ

292 2889 464 2954 certissime
486 2885 592 2967 habet,
615 2909 678 2970 quo
693 2888 939 2966 commendetur,
962 2893 1070 2954 tamen
1084 2895 1213 2973 propter
1230 2889 1392 2970 sequentis
1508 2929 1509 2953 1

291 2989 403 3055 verber
421 2983 459 3054 οὐ
474 2989 603 3070 χλιδαῖς
621 2983 800 3076 ἠσκημένον
814 2990 943 3055 mallem
962 2982 1110 3077 α’λιπαρῆ
1126 2991 1231 3068 scribi,
1247 3013 1284 3056 ea
1299 2991 1394 3075 signi·

292 3089 457 3169 flectione,
488 3094 525 3155 ut
547 3091 602 3155 sit:
624 3111 737 3175 parum
758 3092 858 3157 nitide
879 3091 998 3158 habita.
1022 3093 1062 3157 ci.
1085 3092 1230 3158 Dindorf.
1252 3093 1295 3157 ad
1317 3093 1348 3157 h.
1371 3092 1392 3158 l.

292 3190 434 3257 Eandem
462 3192 685 3259 anctoritatem
714 3192 929 3279 praesefert
958 3192 1108 3258 scholion
1128 3194 1169 3258 ad
1190 3216 1219 3260 v.
1242 3193 1324 3275 488,
1360 3196 1393 3260 11

292 3313 356 3377 quo
378 3314 418 3359 ex
440 3293 568 3379 Didymi
589 3297 814 3363 commentario
836 3295 967 3362 affertur
987 3296 1076 3362 saria
1096 3296 1191 3362 lectio
1214 3293 1393 3376 πολύπαις,

292 3396 346 3461 uhi
368 3397 469 3461 nostri
491 3396 565 3463 libri
586 3399 706 3465 habent
734 3395 920 3478 πολύπους,
956 3399 1042 3480 quod
1069 3399 1162 3463 unice
1190 3419 1299 3464 verum
1328 3417 1394 3464 esse

292 3518 349 3582 per
370 3519 403 3564 se
424 3503 522 3582 patet
565 3499 638 3566 Non
663 3507 770 3566 autem
800 3521 871 3566 cum
897 3499 1063 3566 Dindorfio
1089 3497 1262 3578 πολύπαις
1290 3503 1396 3567 conie-

293 3606 415 3666 cturam
437 3622 505 3666 esse
527 3604 720 3684 putaverim,
755 3625 828 3668 cum
856 3623 920 3668 non
941 3604 1007 3668 veri
1029 3603 1130 3668 simile
1152 3605 1192 3668 sit
1213 3603 1394 3688 Didymum,

293 3704 320 3766 si
345 3723 420 3768 vers
449 3701 543 3768 lectio
565 3706 593 3768 ei
615 3706 743 3790 cognita
763 3704 890 3781 fuisset,
924 3705 958 3768 in
983 3709 1051 3769 tam
1076 3706 1216 3789 ineptam
1245 3706 1392 3771 incidisse

232 3863 234 3868 .
293 3805 516 3883 coniecturam,
538 3823 646 3870 verum
667 3827 706 3870 ex
728 3812 875 3872 contorta
896 3805 954 3871 illa
974 3807 1203 3890 explicatione:
1226 3804 1302 3872 ἐπεὶ
1324 3803 1394 3892 γὰρ,
1413 3809 1416 3814 ’

292 3903 402 3992 φησὶν,
425 3903 459 3971 ἐν
480 3910 528 3992 τῷ
541 3899 671 3995 Ὀρέστῃ
693 3904 752 3995 τὴν
772 3912 886 3972 πᾶσαν
907 3904 1029 3973 ἐλπίδα
1049 3905 1158 3990 ἔχουσι
1172 3906 1210 3975 τὸ
1226 3905 1396 3986 πολύπαις

293 4005 327 4070 s’r
356 4002 523 4096 ὑπερβολῇ
550 4005 690 4096 έθηκεν·
720 4005 739 4097 ἡ
762 4006 872 4075 πολλὰ
900 4007 999 4095 111κοίὟ
1014 4006 1170 4077 τίκτουσα
1203 4011 1281 4076 mihi
1308 4011 1395 4092 sequi

294 4109 433 4190 videtur,
466 4113 550 4178 hanc
572 4114 605 4177 in
626 4113 715 4178 libris
742 4113 899 4178 invenisse
919 4113 1090 4198 Didymum
1112 4114 1278 4180 lectionem
1299 4119 1396 4193 atoue

365 4335 385 4406 ¹)
422 4334 458 4392 cf.
475 4335 514 4392 M.
531 4334 670 4406 Schmidt,
702 4335 813 4405 Didymi
830 4337 912 4407 frgm.
931 4357 956 4408 p.
973 4340 1033 4394 272.
