<?xml version="1.0" encoding="UTF-8"?>
<!DOCTYPE html PUBLIC "-//W3C//DTD XHTML 1.0 Transitional//EN"
    "http://www.w3.org/TR/xhtml1/DTD/xhtml1-transitional.dtd">
<html xmlns="http://www.w3.org/1999/xhtml" xml:lang="en" lang="en">
 <head>
  <title>
</title>
<meta http-equiv="Content-Type" content="text/html;charset=utf-8" />
  <meta name='ocr-system' content='tesseract 3.04.00' />
  <meta name='ocr-capabilities' content='ocr_page ocr_carea ocr_par ocr_line ocrx_word'/>
</head>
<body>
  <div class='ocr_page' id='page_1' title='image "./descholiorumlau00paulgoog_0042.png"; bbox 0 0 3084 5124; ppageno 0'>
   <div class='ocr_carea' id='block_1_1' title="bbox 678 483 719 548">
    <p class='ocr_par' dir='ltr' id='par_1_1' title="bbox 678 483 719 548">
     <span class='ocr_line' id='line_1_1' title="bbox 678 483 719 548; baseline -0.024 0"><span class='ocrx_word' id='word_1_1' title='bbox 678 483 719 548; x_wconf 85' lang='grc'>37</span> 
     </span>
    </p>
   </div>
   <div class='ocr_carea' id='block_1_2' title="bbox 96 663 1308 3912">
    <p class='ocr_par' dir='ltr' id='par_1_2' title="bbox 96 663 1250 2286">
     <span class='ocr_line' id='line_1_2' title="bbox 151 663 1250 758; baseline 0.007 -24"><span class='ocrx_word' id='word_1_2' title='bbox 151 669 302 751; x_wconf 86' lang='lat' dir='ltr'>scriptum</span> <span class='ocrx_word' id='word_1_3' title='bbox 313 675 361 734; x_wconf 86' lang='lat' dir='ltr'>est</span> <span class='ocrx_word' id='word_1_4' title='bbox 371 663 459 749; x_wconf 83' lang='grc' dir='ltr'><strong><em>ὅταν,</em></strong></span> <span class='ocrx_word' id='word_1_5' title='bbox 476 671 676 753; x_wconf 81' lang='lat' dir='ltr'>grammatici</span> <span class='ocrx_word' id='word_1_6' title='bbox 686 671 818 736; x_wconf 85' lang='lat' dir='ltr'>alicuius</span> <span class='ocrx_word' id='word_1_7' title='bbox 828 678 1039 738; x_wconf 85' lang='lat' dir='ltr'>commentum</span> <span class='ocrx_word' id='word_1_8' title='bbox 1051 694 1128 752; x_wconf 89' lang='lat' dir='ltr'>esse,</span> <span class='ocrx_word' id='word_1_9' title='bbox 1138 695 1250 758; x_wconf 86' lang='lat' dir='ltr'>quam-</span> 
     </span>
     <span class='ocr_line' id='line_1_3' title="bbox 149 755 1249 856; baseline 0.006 -20"><span class='ocrx_word' id='word_1_10' title='bbox 149 793 246 856; x_wconf 90' lang='lat' dir='ltr'>quam</span> <span class='ocrx_word' id='word_1_11' title='bbox 261 794 325 836; x_wconf 89' lang='lat' dir='ltr'>non</span> <span class='ocrx_word' id='word_1_12' title='bbox 340 770 473 837; x_wconf 83' lang='lat' dir='ltr'><strong>dixerim</strong></span> <span class='ocrx_word' id='word_1_13' title='bbox 487 773 568 837; x_wconf 91' lang='lat' dir='ltr'>illud</span> <span class='ocrx_word' id='word_1_14' title='bbox 589 794 653 836; x_wconf 89' lang='lat' dir='ltr'>non</span> <span class='ocrx_word' id='word_1_15' title='bbox 675 774 814 855; x_wconf 90' lang='lat' dir='ltr'>potuisse</span> <span class='ocrx_word' id='word_1_16' title='bbox 836 796 876 838; x_wconf 83' lang='lat' dir='ltr'>ex</span> <span class='ocrx_word' id='word_1_17' title='bbox 897 796 1002 840; x_wconf 88' lang='lat' dir='ltr'>errore</span> <span class='ocrx_word' id='word_1_18' title='bbox 1026 755 1149 842; x_wconf 80' lang='lat' dir='ltr'>lilirarii</span> <span class='ocrx_word' id='word_1_19' title='bbox 1164 778 1249 843; x_wconf 87' lang='lat' dir='ltr'>oriri.</span> 
     </span>
     <span class='ocr_line' id='line_1_4' title="bbox 149 868 1250 963; baseline 0.005 -23"><span class='ocrx_word' id='word_1_20' title='bbox 149 875 186 940; x_wconf 91' lang='grc' dir='ltr'>Ο.</span> <span class='ocrx_word' id='word_1_21' title='bbox 209 873 242 939; x_wconf 86' lang='lat' dir='ltr'>C.</span> <span class='ocrx_word' id='word_1_22' title='bbox 264 897 292 937; x_wconf 86' lang='lat' dir='ltr'>v.</span> <span class='ocrx_word' id='word_1_23' title='bbox 318 873 399 938; x_wconf 82' lang='lat'>1519</span> <span class='ocrx_word' id='word_1_24' title='bbox 430 897 477 956; x_wconf 90' lang='lat' dir='ltr'>pr.</span> <span class='ocrx_word' id='word_1_25' title='bbox 506 896 547 938; x_wconf 92' lang='lat' dir='ltr'>m.</span> <span class='ocrx_word' id='word_1_26' title='bbox 577 868 599 936; x_wconf 86' lang='grc' dir='ltr'><strong><em>ά</em></strong></span> <span class='ocrx_word' id='word_1_27' title='bbox 631 895 685 938; x_wconf 88' lang='grc' dir='ltr'>σοι</span> <span class='ocrx_word' id='word_1_28' title='bbox 718 869 822 962; x_wconf 80' lang='grc' dir='ltr'><em>γήρως</em></span> <span class='ocrx_word' id='word_1_29' title='bbox 854 868 966 941; x_wconf 84' lang='grc' dir='ltr'><strong><em>άλνπα</em></strong></span> <span class='ocrx_word' id='word_1_30' title='bbox 996 875 1074 963; x_wconf 76' lang='grc' dir='ltr'>τῇδε</span> <span class='ocrx_word' id='word_1_31' title='bbox 1106 874 1250 945; x_wconf 68' lang='grc' dir='ltr'><strong><em>κείσεται</em></strong></span> 
     </span>
     <span class='ocr_line' id='line_1_5' title="bbox 96 971 1249 1064; baseline 0.008 -25"><span class='ocrx_word' id='word_1_32' title='bbox 96 999 101 1009; x_wconf 83' lang='grc'>’</span> <span class='ocrx_word' id='word_1_33' title='bbox 149 971 262 1040; x_wconf 71' lang='grc' dir='ltr'><strong><em>πόλεσι</em></strong></span> <span class='ocrx_word' id='word_1_34' title='bbox 286 974 371 1058; x_wconf 90' lang='lat' dir='ltr'>quod</span> <span class='ocrx_word' id='word_1_35' title='bbox 393 975 588 1058; x_wconf 85' lang='lat' dir='ltr'>adscriptum</span> <span class='ocrx_word' id='word_1_36' title='bbox 609 982 658 1040; x_wconf 90' lang='lat' dir='ltr'>est</span> <span class='ocrx_word' id='word_1_37' title='bbox 678 977 719 1040; x_wconf 94' lang='lat' dir='ltr'>ab</span> <span class='ocrx_word' id='word_1_38' title='bbox 743 977 789 1040; x_wconf 88' lang='lat' dir='ltr'>S.:</span> <span class='ocrx_word' id='word_1_39' title='bbox 812 999 859 1061; x_wconf 81' lang='grc' dir='ltr'>γρ.</span> <span class='ocrx_word' id='word_1_40' title='bbox 874 982 916 1064; x_wconf 79' lang='grc' dir='ltr'>σῇ</span> <span class='ocrx_word' id='word_1_41' title='bbox 938 1002 974 1042; x_wconf 82' lang='grc' dir='ltr'>τε</span> <span class='ocrx_word' id='word_1_42' title='bbox 996 975 1148 1060; x_wconf 78' lang='grc' dir='ltr'><strong><em>κείσεται,</em></strong></span> <span class='ocrx_word' id='word_1_43' title='bbox 1171 981 1249 1048; x_wconf 88' lang='lat' dir='ltr'>Din-</span> 
     </span>
     <span class='ocr_line' id='line_1_6' title="bbox 150 1063 1249 1164; baseline 0.006 -21"><span class='ocrx_word' id='word_1_44' title='bbox 150 1063 267 1144; x_wconf 85' lang='lat' dir='ltr'>dorlius</span> <span class='ocrx_word' id='word_1_45' title='bbox 290 1082 382 1160; x_wconf 89' lang='lat' dir='ltr'>putat</span> <span class='ocrx_word' id='word_1_46' title='bbox 403 1079 589 1144; x_wconf 87' lang='lat' dir='ltr'>correctoris</span> <span class='ocrx_word' id='word_1_47' title='bbox 612 1099 690 1142; x_wconf 85' lang='lat' dir='ltr'>esse.</span> <span class='ocrx_word' id='word_1_48' title='bbox 702 1080 934 1159; x_wconf 86' lang='lat' dir='ltr'>coniecturam,</span> <span class='ocrx_word' id='word_1_49' title='bbox 963 1081 1018 1146; x_wconf 87' lang='lat' dir='ltr'>sed</span> <span class='ocrx_word' id='word_1_50' title='bbox 1039 1103 1136 1164; x_wconf 91' lang='lat' dir='ltr'>quam</span> <span class='ocrx_word' id='word_1_51' title='bbox 1156 1083 1249 1150; x_wconf 88' lang='lat' dir='ltr'>facile</span> 
     </span>
     <span class='ocr_line' id='line_1_7' title="bbox 149 1179 1248 1268; baseline 0.005 -23"><span class='ocrx_word' id='word_1_52' title='bbox 149 1201 240 1266; x_wconf 84' lang='grc' dir='ltr'><strong><em>σηινε</em></strong></span> <span class='ocrx_word' id='word_1_53' title='bbox 262 1185 293 1244; x_wconf 87' lang='lat' dir='ltr'>et</span> <span class='ocrx_word' id='word_1_54' title='bbox 316 1179 406 1266; x_wconf 79' lang='grc' dir='ltr'><strong><em>νηιδε</em></strong></span> <span class='ocrx_word' id='word_1_55' title='bbox 433 1201 453 1244; x_wconf 95' lang='lat' dir='ltr'>a</span> <span class='ocrx_word' id='word_1_56' title='bbox 479 1180 610 1245; x_wconf 91' lang='lat' dir='ltr'>librario</span> <span class='ocrx_word' id='word_1_57' title='bbox 642 1183 816 1262; x_wconf 88' lang='lat' dir='ltr'>permutari</span> <span class='ocrx_word' id='word_1_58' title='bbox 845 1183 1017 1264; x_wconf 90' lang='lat' dir='ltr'>potuerint,</span> <span class='ocrx_word' id='word_1_59' title='bbox 1038 1184 1248 1268; x_wconf 84' lang='lat' dir='ltr'>intellegitur3</span> 
     </span>
     <span class='ocr_line' id='line_1_8' title="bbox 149 1282 1248 1366; baseline 0.006 -19"><span class='ocrx_word' id='word_1_60' title='bbox 149 1283 198 1347; x_wconf 84' lang='lat' dir='ltr'>sin</span> <span class='ocrx_word' id='word_1_61' title='bbox 225 1287 331 1346; x_wconf 89' lang='lat' dir='ltr'>autem</span> <span class='ocrx_word' id='word_1_62' title='bbox 360 1303 395 1346; x_wconf 88' lang='lat' dir='ltr'>rc</span> <span class='ocrx_word' id='word_1_63' title='bbox 423 1301 498 1346; x_wconf 81' lang='lat' dir='ltr'>vera</span> <span class='ocrx_word' id='word_1_64' title='bbox 524 1282 602 1346; x_wconf 89' lang='lat' dir='ltr'>haec</span> <span class='ocrx_word' id='word_1_65' title='bbox 623 1283 720 1346; x_wconf 82' lang='lat' dir='ltr'>verba</span> <span class='ocrx_word' id='word_1_66' title='bbox 742 1303 762 1347; x_wconf 89' lang='lat' dir='ltr'>a</span> <span class='ocrx_word' id='word_1_67' title='bbox 784 1291 962 1349; x_wconf 89' lang='lat' dir='ltr'>correctore</span> <span class='ocrx_word' id='word_1_68' title='bbox 983 1286 1112 1351; x_wconf 86' lang='lat' dir='ltr'>inventa</span> <span class='ocrx_word' id='word_1_69' title='bbox 1134 1295 1248 1366; x_wconf 86' lang='lat' dir='ltr'>essent,</span> 
     </span>
     <span class='ocr_line' id='line_1_9' title="bbox 147 1383 1249 1468; baseline 0.005 -18"><span class='ocrx_word' id='word_1_70' title='bbox 147 1384 358 1468; x_wconf 82' lang='lat' dir='ltr'>ignorantiam</span> <span class='ocrx_word' id='word_1_71' title='bbox 380 1383 583 1448; x_wconf 83' lang='lat' dir='ltr'>ostenderent</span> <span class='ocrx_word' id='word_1_72' title='bbox 605 1385 760 1462; x_wconf 89' lang='lat' dir='ltr'>hominis,</span> <span class='ocrx_word' id='word_1_73' title='bbox 797 1406 892 1467; x_wconf 87' lang='lat' dir='ltr'>quem</span> <span class='ocrx_word' id='word_1_74' title='bbox 921 1387 1103 1454; x_wconf 84' lang='lat' dir='ltr'>notissimus</span> <span class='ocrx_word' id='word_1_75' title='bbox 1124 1389 1249 1454; x_wconf 83' lang='lat' dir='ltr'>dativus</span> 
     </span>
     <span class='ocr_line' id='line_1_10' title="bbox 149 1485 1248 1571; baseline 0.005 -20"><span class='ocrx_word' id='word_1_76' title='bbox 149 1485 305 1551; x_wconf 90' lang='lat' dir='ltr'>commodi</span> <span class='ocrx_word' id='word_1_77' title='bbox 336 1486 444 1568; x_wconf 82' lang='lat' dir='ltr'>fugere</span> <span class='ocrx_word' id='word_1_78' title='bbox 476 1487 639 1570; x_wconf 88' lang='lat' dir='ltr'>potuisset.</span> <span class='ocrx_word' id='word_1_79' title='bbox 683 1486 756 1551; x_wconf 89' lang='lat' dir='ltr'>Nou</span> <span class='ocrx_word' id='word_1_80' title='bbox 788 1489 891 1552; x_wconf 90' lang='lat' dir='ltr'>minus</span> <span class='ocrx_word' id='word_1_81' title='bbox 920 1489 1118 1571; x_wconf 84' lang='lat' dir='ltr'>ignorantiae</span> <span class='ocrx_word' id='word_1_82' title='bbox 1151 1490 1248 1556; x_wconf 88' lang='lat' dir='ltr'>docu-</span> 
     </span>
     <span class='ocr_line' id='line_1_11' title="bbox 149 1587 1246 1666; baseline 0.002 -14"><span class='ocrx_word' id='word_1_83' title='bbox 149 1592 289 1652; x_wconf 88' lang='lat' dir='ltr'>mentum</span> <span class='ocrx_word' id='word_1_84' title='bbox 310 1587 448 1654; x_wconf 80' lang='lat' dir='ltr'>dedisset</span> <span class='ocrx_word' id='word_1_85' title='bbox 470 1594 639 1666; x_wconf 85' lang='lat' dir='ltr'>corrector,</span> <span class='ocrx_word' id='word_1_86' title='bbox 667 1589 694 1652; x_wconf 91' lang='lat' dir='ltr'>si</span> <span class='ocrx_word' id='word_1_87' title='bbox 716 1611 754 1652; x_wconf 86' lang='lat' dir='ltr'>cx</span> <span class='ocrx_word' id='word_1_88' title='bbox 777 1609 835 1652; x_wconf 90' lang='lat' dir='ltr'>sua</span> <span class='ocrx_word' id='word_1_89' title='bbox 858 1590 1039 1654; x_wconf 89' lang='lat' dir='ltr'>coniectura</span> <span class='ocrx_word' id='word_1_90' title='bbox 1060 1589 1102 1653; x_wconf 90' lang='lat' dir='ltr'>ad</span> <span class='ocrx_word' id='word_1_91' title='bbox 1123 1590 1195 1654; x_wconf 89' lang='lat' dir='ltr'>Ant.</span> <span class='ocrx_word' id='word_1_92' title='bbox 1219 1613 1246 1654; x_wconf 83' lang='lat' dir='ltr'>v.</span> 
     </span>
     <span class='ocr_line' id='line_1_12' title="bbox 148 1676 1247 1775; baseline 0.002 -21"><span class='ocrx_word' id='word_1_93' title='bbox 148 1687 211 1754; x_wconf 87' lang='grc'>688</span> <span class='ocrx_word' id='word_1_94' title='bbox 233 1689 466 1772; x_wconf 88' lang='lat' dir='ltr'>adscripsisset:</span> <span class='ocrx_word' id='word_1_95' title='bbox 488 1676 537 1775; x_wconf 59' lang='grc' dir='ltr'>γρζ</span> <span class='ocrx_word' id='word_1_96' title='bbox 553 1686 593 1753; x_wconf 75' lang='grc' dir='ltr'>σὺ</span> <span class='ocrx_word' id='word_1_97' title='bbox 616 1683 644 1754; x_wconf 79' lang='grc' dir='ltr'>δ’</span> <span class='ocrx_word' id='word_1_98' title='bbox 666 1683 705 1754; x_wconf 84' lang='grc' dir='ltr'>σά</span> <span class='ocrx_word' id='word_1_99' title='bbox 728 1687 897 1774; x_wconf 82' lang='grc' dir='ltr'><strong><em>πέφυκας,·</em></strong></span> <span class='ocrx_word' id='word_1_100' title='bbox 919 1711 992 1754; x_wconf 87' lang='lat' dir='ltr'>nam</span> <span class='ocrx_word' id='word_1_101' title='bbox 1009 1711 1090 1771; x_wconf 90' lang='lat' dir='ltr'>quae</span> <span class='ocrx_word' id='word_1_102' title='bbox 1104 1691 1138 1754; x_wconf 91' lang='lat' dir='ltr'>in</span> <span class='ocrx_word' id='word_1_103' title='bbox 1152 1692 1247 1758; x_wconf 87' lang='lat' dir='ltr'>Laur.</span> 
     </span>
     <span class='ocr_line' id='line_1_13' title="bbox 147 1790 1248 1874; baseline 0.004 -18"><span class='ocrx_word' id='word_1_104' title='bbox 147 1813 168 1856; x_wconf 89' lang='lat' dir='ltr'>a</span> <span class='ocrx_word' id='word_1_105' title='bbox 189 1812 236 1874; x_wconf 89' lang='lat' dir='ltr'>pr.</span> <span class='ocrx_word' id='word_1_106' title='bbox 259 1813 299 1854; x_wconf 92' lang='lat' dir='ltr'>m.</span> <span class='ocrx_word' id='word_1_107' title='bbox 322 1791 485 1874; x_wconf 82' lang='lat' dir='ltr'>leguntur,</span> <span class='ocrx_word' id='word_1_108' title='bbox 515 1792 632 1874; x_wconf 92' lang='lat' dir='ltr'>optime</span> <span class='ocrx_word' id='word_1_109' title='bbox 654 1812 687 1854; x_wconf 92' lang='lat' dir='ltr'>se</span> <span class='ocrx_word' id='word_1_110' title='bbox 709 1790 846 1868; x_wconf 89' lang='lat' dir='ltr'>habent,</span> <span class='ocrx_word' id='word_1_111' title='bbox 868 1813 940 1855; x_wconf 91' lang='lat' dir='ltr'>cum</span> <span class='ocrx_word' id='word_1_112' title='bbox 962 1793 1123 1873; x_wconf 76' lang='lat' dir='ltr'>genetivus</span> <span class='ocrx_word' id='word_1_113' title='bbox 1146 1797 1206 1858; x_wconf 81' lang='grc' dir='ltr'>σοῦ</span> <span class='ocrx_word' id='word_1_114' title='bbox 1227 1816 1248 1860; x_wconf 81' lang='lat' dir='ltr'>a</span> 
     </span>
     <span class='ocr_line' id='line_1_14' title="bbox 146 1892 1248 1979; baseline 0.005 -22"><span class='ocrx_word' id='word_1_115' title='bbox 146 1892 242 1959; x_wconf 85' lang='lat' dir='ltr'>verbo</span> <span class='ocrx_word' id='word_1_116' title='bbox 265 1894 470 1977; x_wconf 75' lang='grc' dir='ltr'><strong><em>προσκοπεῖν</em></strong></span> <span class='ocrx_word' id='word_1_117' title='bbox 493 1893 647 1976; x_wconf 85' lang='lat' dir='ltr'>pendeat3</span> <span class='ocrx_word' id='word_1_118' title='bbox 670 1913 863 1973; x_wconf 89' lang='lat' dir='ltr'>quamquam</span> <span class='ocrx_word' id='word_1_119' title='bbox 885 1893 980 1957; x_wconf 84' lang='lat' dir='ltr'>etiam</span> <span class='ocrx_word' id='word_1_120' title='bbox 996 1893 1074 1958; x_wconf 87' lang='lat' dir='ltr'>haec</span> <span class='ocrx_word' id='word_1_121' title='bbox 1090 1896 1248 1979; x_wconf 87' lang='lat' dir='ltr'>scriptura</span> 
     </span>
     <span class='ocr_line' id='line_1_15' title="bbox 146 1994 1246 2077; baseline 0.002 -17"><span class='ocrx_word' id='word_1_122' title='bbox 146 2017 185 2060; x_wconf 86' lang='lat' dir='ltr'>ex</span> <span class='ocrx_word' id='word_1_123' title='bbox 197 1994 320 2058; x_wconf 89' lang='lat' dir='ltr'>librarii</span> <span class='ocrx_word' id='word_1_124' title='bbox 330 2014 436 2058; x_wconf 90' lang='lat' dir='ltr'>errore</span> <span class='ocrx_word' id='word_1_125' title='bbox 448 1995 524 2057; x_wconf 87' lang='lat' dir='ltr'>oriri</span> <span class='ocrx_word' id='word_1_126' title='bbox 534 1996 647 2077; x_wconf 90' lang='lat' dir='ltr'>potuit,</span> <span class='ocrx_word' id='word_1_127' title='bbox 658 1994 744 2077; x_wconf 92' lang='lat' dir='ltr'>quod</span> <span class='ocrx_word' id='word_1_128' title='bbox 755 1994 793 2058; x_wconf 93' lang='lat' dir='ltr'>de</span> <span class='ocrx_word' id='word_1_129' title='bbox 804 1995 1001 2077; x_wconf 86' lang='lat' dir='ltr'>ineptissima</span> <span class='ocrx_word' id='word_1_130' title='bbox 1011 1996 1100 2062; x_wconf 85' lang='lat' dir='ltr'>varia</span> <span class='ocrx_word' id='word_1_131' title='bbox 1111 1997 1246 2062; x_wconf 88' lang='lat' dir='ltr'>lectione</span> 
     </span>
     <span class='ocr_line' id='line_1_16' title="bbox 146 2089 1248 2185; baseline 0.004 -24"><span class='ocrx_word' id='word_1_132' title='bbox 146 2096 188 2162; x_wconf 88' lang='lat' dir='ltr'>ad</span> <span class='ocrx_word' id='word_1_133' title='bbox 211 2096 258 2159; x_wconf 85' lang='lat' dir='ltr'>Ai.</span> <span class='ocrx_word' id='word_1_134' title='bbox 281 2117 309 2158; x_wconf 84' lang='lat' dir='ltr'>v.</span> <span class='ocrx_word' id='word_1_135' title='bbox 332 2094 390 2158; x_wconf 78' lang='lat'>60:</span> <span class='ocrx_word' id='word_1_136' title='bbox 412 2089 460 2171; x_wconf 84' lang='grc' dir='ltr'>εἰς’</span> <span class='ocrx_word' id='word_1_137' title='bbox 482 2093 556 2182; x_wconf 74' lang='grc' dir='ltr'><strong><em>ἕρκη</em></strong></span> <span class='ocrx_word' id='word_1_138' title='bbox 578 2092 676 2176; x_wconf 81' lang='grc' dir='ltr'><strong><em>κακά,</em></strong></span> <span class='ocrx_word' id='word_1_139' title='bbox 707 2097 737 2162; x_wconf 88' lang='lat' dir='ltr'>S.</span> <span class='ocrx_word' id='word_1_140' title='bbox 761 2117 807 2179; x_wconf 80' lang='grc' dir='ltr'>γρ.</span> <span class='ocrx_word' id='word_1_141' title='bbox 832 2091 880 2174; x_wconf 81' lang='grc' dir='ltr'>εἰς</span> <span class='ocrx_word' id='word_1_142' title='bbox 903 2093 1025 2183; x_wconf 82' lang='grc' dir='ltr'><strong><em>ἐρίννον</em></strong></span> <span class='ocrx_word' id='word_1_143' title='bbox 1047 2093 1148 2185; x_wconf 80' lang='grc' dir='ltr'><strong><em>κακήν</em></strong></span> <span class='ocrx_word' id='word_1_144' title='bbox 1169 2099 1248 2164; x_wconf 90' lang='lat' dir='ltr'>mihi</span> 
     </span>
     <span class='ocr_line' id='line_1_17' title="bbox 146 2198 1226 2286; baseline 0.002 -24"><span class='ocrx_word' id='word_1_145' title='bbox 146 2219 204 2281; x_wconf 88' lang='lat' dir='ltr'>pro</span> <span class='ocrx_word' id='word_1_146' title='bbox 226 2201 311 2261; x_wconf 85' lang='lat' dir='ltr'>certo</span> <span class='ocrx_word' id='word_1_147' title='bbox 333 2203 479 2262; x_wconf 89' lang='lat' dir='ltr'>constare</span> <span class='ocrx_word' id='word_1_148' title='bbox 500 2199 632 2277; x_wconf 85' lang='lat' dir='ltr'>videtur,</span> <span class='ocrx_word' id='word_1_149' title='bbox 655 2199 714 2263; x_wconf 90' lang='lat' dir='ltr'>etsi</span> <span class='ocrx_word' id='word_1_150' title='bbox 735 2199 829 2263; x_wconf 90' lang='lat' dir='ltr'>aliter</span> <span class='ocrx_word' id='word_1_151' title='bbox 849 2198 970 2265; x_wconf 88' lang='lat' dir='ltr'>iudicat</span> <span class='ocrx_word' id='word_1_152' title='bbox 989 2199 1173 2266; x_wconf 87' lang='lat' dir='ltr'>Dindorfius</span> <span class='ocrx_word' id='word_1_153' title='bbox 1190 2204 1226 2286; x_wconf 88' lang='lat'>¹).</span> 
     </span>
    </p>

    <p class='ocr_par' dir='ltr' id='par_1_3' title="bbox 146 2301 1248 2468">
     <span class='ocr_line' id='line_1_18' title="bbox 232 2301 1248 2382; baseline 0.006 -20"><span class='ocrx_word' id='word_1_154' title='bbox 232 2301 368 2381; x_wconf 76' lang='lat' dir='ltr'>Aperlae</span> <span class='ocrx_word' id='word_1_155' title='bbox 390 2304 496 2364; x_wconf 89' lang='lat' dir='ltr'>autem</span> <span class='ocrx_word' id='word_1_156' title='bbox 517 2301 727 2366; x_wconf 80' lang='lat' dir='ltr'>recentiorum</span> <span class='ocrx_word' id='word_1_157' title='bbox 749 2303 1027 2382; x_wconf 84' lang='lat' dir='ltr'>grammaticorum</span> <span class='ocrx_word' id='word_1_158' title='bbox 1049 2303 1248 2370; x_wconf 80' lang='lat' dir='ltr'>coniecturae</span> 
     </span>
     <span class='ocr_line' id='line_1_19' title="bbox 146 2401 396 2468; baseline -0.012 -1"><span class='ocrx_word' id='word_1_159' title='bbox 146 2423 213 2468; x_wconf 85' lang='lat' dir='ltr'>esse</span> <span class='ocrx_word' id='word_1_160' title='bbox 235 2401 396 2466; x_wconf 88' lang='lat' dir='ltr'>videntur:</span> 
     </span>
    </p>

    <p class='ocr_par' dir='ltr' id='par_1_4' title="bbox 146 2500 1247 2894">
     <span class='ocr_line' id='line_1_20' title="bbox 231 2500 1246 2587; baseline 0.006 -20"><span class='ocrx_word' id='word_1_161' title='bbox 231 2502 267 2567; x_wconf 89' lang='grc' dir='ltr'>Ο.</span> <span class='ocrx_word' id='word_1_162' title='bbox 290 2502 326 2566; x_wconf 86' lang='lat' dir='ltr'>R.</span> <span class='ocrx_word' id='word_1_163' title='bbox 349 2523 377 2566; x_wconf 83' lang='lat' dir='ltr'>v.</span> <span class='ocrx_word' id='word_1_164' title='bbox 404 2501 464 2565; x_wconf 90' lang='grc'>153</span> <span class='ocrx_word' id='word_1_165' title='bbox 486 2524 534 2586; x_wconf 86' lang='lat' dir='ltr'>pr.</span> <span class='ocrx_word' id='word_1_166' title='bbox 556 2526 596 2568; x_wconf 91' lang='lat' dir='ltr'>m.</span> <span class='ocrx_word' id='word_1_167' title='bbox 616 2500 750 2587; x_wconf 80' lang='grc' dir='ltr'><em>,δείματι</em></span> <span class='ocrx_word' id='word_1_168' title='bbox 772 2500 928 2584; x_wconf 81' lang='grc' dir='ltr'><strong><em>πάλλων,</em></strong></span> <span class='ocrx_word' id='word_1_169' title='bbox 967 2506 1052 2587; x_wconf 90' lang='lat' dir='ltr'>quod</span> <span class='ocrx_word' id='word_1_170' title='bbox 1074 2507 1246 2573; x_wconf 83' lang='lat' dir='ltr'>rectissime</span> 
     </span>
     <span class='ocr_line' id='line_1_21' title="bbox 147 2600 1247 2693; baseline 0.005 -23"><span class='ocrx_word' id='word_1_171' title='bbox 147 2606 283 2687; x_wconf 83' lang='lat' dir='ltr'>explicat</span> <span class='ocrx_word' id='word_1_172' title='bbox 304 2603 476 2670; x_wconf 82' lang='lat' dir='ltr'>scholiasta</span> <span class='ocrx_word' id='word_1_173' title='bbox 498 2600 704 2687; x_wconf 79' lang='grc' dir='ltr'><strong><em>παλλόμενος</em></strong></span> <span class='ocrx_word' id='word_1_174' title='bbox 718 2602 815 2693; x_wconf 83' lang='grc' dir='ltr'><em>φόβῳ</em></span> <span class='ocrx_word' id='word_1_175' title='bbox 820 2635 831 2687; x_wconf 87' lang='lat'>,·</span> <span class='ocrx_word' id='word_1_176' title='bbox 854 2609 909 2673; x_wconf 89' lang='lat' dir='ltr'>sed</span> <span class='ocrx_word' id='word_1_177' title='bbox 923 2608 1119 2691; x_wconf 87' lang='lat' dir='ltr'>adscriptum</span> <span class='ocrx_word' id='word_1_178' title='bbox 1133 2609 1247 2693; x_wconf 77' lang='lat' dir='ltr'>legitur</span> 
     </span>
     <span class='ocr_line' id='line_1_22' title="bbox 146 2705 1246 2790; baseline 0.005 -20"><span class='ocrx_word' id='word_1_179' title='bbox 146 2706 187 2771; x_wconf 89' lang='lat' dir='ltr'>ab</span> <span class='ocrx_word' id='word_1_180' title='bbox 209 2705 239 2771; x_wconf 88' lang='lat' dir='ltr'>S.</span> <span class='ocrx_word' id='word_1_181' title='bbox 264 2705 387 2790; x_wconf 80' lang='grc' dir='ltr'><strong><em>πολλῷ,</em></strong></span> <span class='ocrx_word' id='word_1_182' title='bbox 412 2705 535 2788; x_wconf 90' lang='lat' dir='ltr'>dequo</span> <span class='ocrx_word' id='word_1_183' title='bbox 559 2709 676 2789; x_wconf 89' lang='lat' dir='ltr'>optime</span> <span class='ocrx_word' id='word_1_184' title='bbox 698 2709 779 2774; x_wconf 83' lang='lat' dir='ltr'>dixit</span> <span class='ocrx_word' id='word_1_185' title='bbox 800 2709 990 2774; x_wconf 88' lang='lat' dir='ltr'>Elmslcius:</span> <span class='ocrx_word' id='word_1_186' title='bbox 1013 2710 1109 2775; x_wconf 89' lang='lat' dir='ltr'>fuisse</span> <span class='ocrx_word' id='word_1_187' title='bbox 1137 2710 1246 2776; x_wconf 89' lang='lat' dir='ltr'>viden-</span> 
     </span>
     <span class='ocr_line' id='line_1_23' title="bbox 146 2806 978 2894; baseline 0.004 -23"><span class='ocrx_word' id='word_1_188' title='bbox 146 2815 207 2885; x_wconf 88' lang='lat' dir='ltr'>tur,</span> <span class='ocrx_word' id='word_1_189' title='bbox 230 2807 343 2890; x_wconf 89' lang='lat' dir='ltr'>quibus</span> <span class='ocrx_word' id='word_1_190' title='bbox 367 2807 547 2891; x_wconf 85' lang='lat' dir='ltr'>displiceret</span> <span class='ocrx_word' id='word_1_191' title='bbox 569 2806 705 2874; x_wconf 82' lang='grc' dir='ltr'><strong><em>πάλλων</em></strong></span> <span class='ocrx_word' id='word_1_192' title='bbox 727 2812 853 2894; x_wconf 77' lang='lat' dir='ltr'>passivo</span> <span class='ocrx_word' id='word_1_193' title='bbox 876 2833 978 2876; x_wconf 89' lang='lat' dir='ltr'>sensu.</span> 
     </span>
    </p>

    <p class='ocr_par' dir='ltr' id='par_1_5' title="bbox 232 2906 1308 2999">
     <span class='ocr_line' id='line_1_24' title="bbox 232 2906 1308 2999; baseline 0.007 -25"><span class='ocrx_word' id='word_1_194' title='bbox 232 2910 267 2974; x_wconf 92' lang='grc' dir='ltr'>Ο.</span> <span class='ocrx_word' id='word_1_195' title='bbox 291 2909 323 2973; x_wconf 82' lang='lat' dir='ltr'>O.</span> <span class='ocrx_word' id='word_1_196' title='bbox 346 2932 373 2975; x_wconf 86' lang='lat' dir='ltr'>v.</span> <span class='ocrx_word' id='word_1_197' title='bbox 396 2909 438 2973; x_wconf 87' lang='lat'>58</span> <span class='ocrx_word' id='word_1_198' title='bbox 466 2931 514 2992; x_wconf 90' lang='lat' dir='ltr'>pr.</span> <span class='ocrx_word' id='word_1_199' title='bbox 537 2933 577 2974; x_wconf 91' lang='lat' dir='ltr'>m.</span> <span class='ocrx_word' id='word_1_200' title='bbox 609 2906 640 2974; x_wconf 87' lang='lat' dir='ltr'>oi</span> <span class='ocrx_word' id='word_1_201' title='bbox 669 2911 705 2977; x_wconf 79' lang='grc' dir='ltr'>δὲ</span> <span class='ocrx_word' id='word_1_202' title='bbox 734 2908 873 2999; x_wconf 81' lang='grc' dir='ltr'><strong><em>πλησίοι</em></strong></span> <span class='ocrx_word' id='word_1_203' title='bbox 899 2908 990 2996; x_wconf 70' lang='grc' dir='ltr'><em>γύαις</em></span> <span class='ocrx_word' id='word_1_204' title='bbox 1026 2913 1057 2978; x_wconf 89' lang='lat' dir='ltr'>S.</span> <span class='ocrx_word' id='word_1_205' title='bbox 1080 2935 1127 2998; x_wconf 80' lang='grc' dir='ltr'>γρ.</span> <span class='ocrx_word' id='word_1_206' title='bbox 1151 2907 1186 2977; x_wconf 78' lang='grc' dir='ltr'>αἱ</span> <span class='ocrx_word' id='word_1_207' title='bbox 1210 2912 1246 2979; x_wconf 83' lang='grc' dir='ltr'>δὲ</span> <span class='ocrx_word' id='word_1_208' title='bbox 1307 2978 1308 2981; x_wconf 74' lang='grc'>,</span> 
     </span>
    </p>

    <p class='ocr_par' dir='ltr' id='par_1_6' title="bbox 145 3006 1248 3586">
     <span class='ocr_line' id='line_1_25' title="bbox 146 3006 1244 3100; baseline 0.005 -26"><span class='ocrx_word' id='word_1_209' title='bbox 146 3007 287 3098; x_wconf 84' lang='grc' dir='ltr'><strong><em>πλησίον</em></strong></span> <span class='ocrx_word' id='word_1_210' title='bbox 306 3006 388 3095; x_wconf 81' lang='grc' dir='ltr'><em>γύαι,</em></span> <span class='ocrx_word' id='word_1_211' title='bbox 413 3013 497 3093; x_wconf 90' lang='lat' dir='ltr'>quod</span> <span class='ocrx_word' id='word_1_212' title='bbox 519 3013 709 3094; x_wconf 86' lang='lat' dir='ltr'>imperitiam</span> <span class='ocrx_word' id='word_1_213' title='bbox 730 3015 837 3096; x_wconf 85' lang='lat' dir='ltr'>prodit</span> <span class='ocrx_word' id='word_1_214' title='bbox 859 3016 1037 3093; x_wconf 86' lang='lat' dir='ltr'>nescientis,</span> <span class='ocrx_word' id='word_1_215' title='bbox 1058 3011 1136 3091; x_wconf 83' lang='grc' dir='ltr'>τούς</span> <span class='ocrx_word' id='word_1_216' title='bbox 1157 3012 1244 3100; x_wconf 71' lang='grc' dir='ltr'><em>γύας,</em></span> 
     </span>
     <span class='ocr_line' id='line_1_26' title="bbox 145 3109 1105 3196; baseline 0.004 -19"><span class='ocrx_word' id='word_1_217' title='bbox 145 3135 209 3178; x_wconf 91' lang='lat' dir='ltr'>nou</span> <span class='ocrx_word' id='word_1_218' title='bbox 231 3109 291 3189; x_wconf 83' lang='grc' dir='ltr'>τάς</span> <span class='ocrx_word' id='word_1_219' title='bbox 312 3113 448 3196; x_wconf 87' lang='lat' dir='ltr'>tragicos</span> <span class='ocrx_word' id='word_1_220' title='bbox 472 3114 598 3192; x_wconf 86' lang='lat' dir='ltr'>dixisse,</span> <span class='ocrx_word' id='word_1_221' title='bbox 621 3121 657 3178; x_wconf 92' lang='lat' dir='ltr'>ut</span> <span class='ocrx_word' id='word_1_222' title='bbox 677 3121 763 3182; x_wconf 87' lang='lat' dir='ltr'>recte</span> <span class='ocrx_word' id='word_1_223' title='bbox 784 3123 892 3183; x_wconf 87' lang='lat' dir='ltr'>monet</span> <span class='ocrx_word' id='word_1_224' title='bbox 913 3116 1105 3182; x_wconf 86' lang='lat' dir='ltr'>Dindorfius.</span> 
     </span>
     <span class='ocr_line' id='line_1_27' title="bbox 152 3210 1247 3304; baseline 0.003 -25"><span class='ocrx_word' id='word_1_225' title='bbox 152 3247 159 3261; x_wconf 88' lang='lat'><strong>·</strong></span> <span class='ocrx_word' id='word_1_226' title='bbox 231 3215 267 3280; x_wconf 90' lang='lat'>0.</span> <span class='ocrx_word' id='word_1_227' title='bbox 290 3214 323 3278; x_wconf 82' lang='lat' dir='ltr'>O.</span> <span class='ocrx_word' id='word_1_228' title='bbox 345 3238 373 3279; x_wconf 85' lang='lat' dir='ltr'>v.</span> <span class='ocrx_word' id='word_1_229' title='bbox 401 3214 551 3298; x_wconf 65' lang='lat' dir='ltr'>losupr.</span> <span class='ocrx_word' id='word_1_230' title='bbox 575 3239 615 3280; x_wconf 92' lang='lat' dir='ltr'>m.</span> <span class='ocrx_word' id='word_1_231' title='bbox 639 3210 828 3304; x_wconf 85' lang='grc' dir='ltr'><strong><em>άλύπητον,</em></strong></span> <span class='ocrx_word' id='word_1_232' title='bbox 861 3241 907 3302; x_wconf 78' lang='grc' dir='ltr'>γρ.</span> <span class='ocrx_word' id='word_1_233' title='bbox 931 3211 1137 3299; x_wconf 71' lang='grc' dir='ltr'><strong><em>ἀλάμπετον,</em></strong></span> <span class='ocrx_word' id='word_1_234' title='bbox 1161 3219 1247 3300; x_wconf 89' lang='lat' dir='ltr'>quod</span> 
     </span>
     <span class='ocr_line' id='line_1_28' title="bbox 145 3312 1248 3404; baseline 0.002 -24"><span class='ocrx_word' id='word_1_235' title='bbox 145 3317 344 3381; x_wconf 87' lang='lat' dir='ltr'>coniecturae</span> <span class='ocrx_word' id='word_1_236' title='bbox 366 3316 473 3381; x_wconf 81' lang='lat' dir='ltr'>deberi</span> <span class='ocrx_word' id='word_1_237' title='bbox 494 3318 619 3383; x_wconf 84' lang='lat' dir='ltr'>videtur</span> <span class='ocrx_word' id='word_1_238' title='bbox 647 3321 856 3401; x_wconf 86' lang='lat' dir='ltr'>grammatici,</span> <span class='ocrx_word' id='word_1_239' title='bbox 887 3321 920 3384; x_wconf 90' lang='lat' dir='ltr'>in</span> <span class='ocrx_word' id='word_1_240' title='bbox 950 3319 1053 3383; x_wconf 90' lang='lat' dir='ltr'>verbis</span> <span class='ocrx_word' id='word_1_241' title='bbox 1079 3312 1248 3404; x_wconf 81' lang='grc' dir='ltr'><strong><em>άλάπησον</em></strong></span> 
     </span>
     <span class='ocr_line' id='line_1_29' title="bbox 145 3414 1247 3504; baseline 0.005 -23"><span class='ocrx_word' id='word_1_242' title='bbox 145 3414 275 3504; x_wconf 69' lang='grc' dir='ltr'><strong><em>βάθρον</em></strong></span> <span class='ocrx_word' id='word_1_243' title='bbox 297 3417 501 3498; x_wconf 84' lang='lat' dir='ltr'>offendentis,</span> <span class='ocrx_word' id='word_1_244' title='bbox 537 3441 639 3502; x_wconf 88' lang='lat' dir='ltr'>neque</span> <span class='ocrx_word' id='word_1_245' title='bbox 666 3443 722 3486; x_wconf 91' lang='lat' dir='ltr'>suo</span> <span class='ocrx_word' id='word_1_246' title='bbox 742 3422 810 3486; x_wconf 87' lang='lat' dir='ltr'>iure</span> <span class='ocrx_word' id='word_1_247' title='bbox 831 3423 893 3488; x_wconf 92' lang='lat' dir='ltr'>hoc</span> <span class='ocrx_word' id='word_1_248' title='bbox 914 3421 1102 3504; x_wconf 88' lang='lat' dir='ltr'>praetulisse</span> <span class='ocrx_word' id='word_1_249' title='bbox 1123 3421 1247 3486; x_wconf 86' lang='lat' dir='ltr'>videtur</span> 
     </span>
     <span class='ocr_line' id='line_1_30' title="bbox 145 3521 355 3586; baseline -0.01 -1"><span class='ocrx_word' id='word_1_250' title='bbox 145 3521 355 3586; x_wconf 77' lang='lat' dir='ltr'>Hermauuus,</span> 
     </span>
    </p>

    <p class='ocr_par' dir='ltr' id='par_1_7' title="bbox 145 3619 1246 3912">
     <span class='ocr_line' id='line_1_31' title="bbox 230 3619 1246 3708; baseline 0.003 -23"><span class='ocrx_word' id='word_1_251' title='bbox 230 3623 303 3686; x_wconf 88' lang='lat' dir='ltr'>Ant.</span> <span class='ocrx_word' id='word_1_252' title='bbox 325 3645 353 3686; x_wconf 84' lang='lat' dir='ltr'>v.</span> <span class='ocrx_word' id='word_1_253' title='bbox 369 3621 432 3686; x_wconf 84' lang='lat'>519</span> <span class='ocrx_word' id='word_1_254' title='bbox 454 3645 501 3706; x_wconf 91' lang='lat' dir='ltr'>pr.</span> <span class='ocrx_word' id='word_1_255' title='bbox 518 3645 559 3687; x_wconf 92' lang='lat' dir='ltr'>m.</span> <span class='ocrx_word' id='word_1_256' title='bbox 582 3620 659 3702; x_wconf 78' lang='grc' dir='ltr'>τούς</span> <span class='ocrx_word' id='word_1_257' title='bbox 680 3621 798 3708; x_wconf 82' lang='grc' dir='ltr'><strong><em>νόμους</em></strong></span> <span class='ocrx_word' id='word_1_258' title='bbox 819 3619 954 3700; x_wconf 78' lang='grc' dir='ltr'><strong><em>τούτους</em></strong></span> <span class='ocrx_word' id='word_1_259' title='bbox 976 3623 1006 3689; x_wconf 83' lang='lat' dir='ltr'>S.</span> <span class='ocrx_word' id='word_1_260' title='bbox 1029 3619 1107 3700; x_wconf 81' lang='grc' dir='ltr'>τούς</span> <span class='ocrx_word' id='word_1_261' title='bbox 1128 3619 1246 3706; x_wconf 83' lang='grc' dir='ltr'><strong><em>νόμους</em></strong></span> 
     </span>
     <span class='ocr_line' id='line_1_32' title="bbox 145 3719 1245 3809; baseline 0.004 -21"><span class='ocrx_word' id='word_1_262' title='bbox 145 3719 246 3805; x_wconf 81' lang='grc' dir='ltr'><strong><em>λ’σονς,</em></strong></span> <span class='ocrx_word' id='word_1_263' title='bbox 271 3745 352 3807; x_wconf 89' lang='lat' dir='ltr'>quac</span> <span class='ocrx_word' id='word_1_264' title='bbox 373 3727 461 3790; x_wconf 88' lang='lat' dir='ltr'>varia</span> <span class='ocrx_word' id='word_1_265' title='bbox 484 3726 577 3792; x_wconf 91' lang='lat' dir='ltr'>lectio</span> <span class='ocrx_word' id='word_1_266' title='bbox 600 3727 800 3792; x_wconf 86' lang='lat' dir='ltr'>coniecturae</span> <span class='ocrx_word' id='word_1_267' title='bbox 816 3726 924 3791; x_wconf 88' lang='lat' dir='ltr'>deberi</span> <span class='ocrx_word' id='word_1_268' title='bbox 938 3725 1062 3791; x_wconf 82' lang='lat' dir='ltr'>videtur</span> <span class='ocrx_word' id='word_1_269' title='bbox 1077 3733 1245 3809; x_wconf 86' lang='lat' dir='ltr'>propterea</span> 
     </span>
     <span class='ocr_line' id='line_1_33' title="bbox 145 3827 1246 3912; baseline 0.003 -22"><span class='ocrx_word' id='word_1_270' title='bbox 145 3827 268 3903; x_wconf 85' lang='lat' dir='ltr'>factae,</span> <span class='ocrx_word' id='word_1_271' title='bbox 305 3833 341 3890; x_wconf 88' lang='lat' dir='ltr'>ut</span> <span class='ocrx_word' id='word_1_272' title='bbox 362 3828 540 3912; x_wconf 84' lang='lat' dir='ltr'>Antigonae</span> <span class='ocrx_word' id='word_1_273' title='bbox 561 3829 657 3894; x_wconf 88' lang='lat' dir='ltr'>verba</span> <span class='ocrx_word' id='word_1_274' title='bbox 679 3849 751 3894; x_wconf 90' lang='lat' dir='ltr'>cum</span> <span class='ocrx_word' id='word_1_275' title='bbox 773 3828 916 3894; x_wconf 78' lang='lat' dir='ltr'>Creontis</span> <span class='ocrx_word' id='word_1_276' title='bbox 941 3849 1092 3911; x_wconf 91' lang='lat' dir='ltr'>responso</span> <span class='ocrx_word' id='word_1_277' title='bbox 1115 3850 1246 3893; x_wconf 86' lang='lat' dir='ltr'>accura-</span> 
     </span>
    </p>
   </div>
   <div class='ocr_carea' id='block_1_3' title="bbox 148 3950 351 3960">
    <p class='ocr_par' dir='ltr' id='par_1_8' title="bbox 148 3950 351 3960">
     <span class='ocr_line' id='line_1_34' title="bbox 148 3950 351 3960; baseline -0.015 -1"><span class='ocrx_word' id='word_1_278' title='bbox 148 3950 169 3959; x_wconf 68' lang='grc' dir='ltr'>-ι</span> <span class='ocrx_word' id='word_1_279' title='bbox 174 3951 351 3960; x_wconf 73' lang='lat'>...-.-—-..-—--</span> 
     </span>
    </p>
   </div>
   <div class='ocr_carea' id='block_1_4' title="bbox 134 4014 1246 4416">
    <p class='ocr_par' dir='ltr' id='par_1_9' title="bbox 134 4014 1246 4416">
     <span class='ocr_line' id='line_1_35' title="bbox 218 4014 1246 4084; baseline 0.002 -17"><span class='ocrx_word' id='word_1_280' title='bbox 218 4016 237 4082; x_wconf 85' lang='lat'>¹)</span> <span class='ocrx_word' id='word_1_281' title='bbox 273 4014 407 4068; x_wconf 85' lang='lat' dir='ltr'>assentior</span> <span class='ocrx_word' id='word_1_282' title='bbox 425 4015 498 4067; x_wconf 90' lang='lat' dir='ltr'>euim</span> <span class='ocrx_word' id='word_1_283' title='bbox 516 4015 641 4069; x_wconf 88' lang='lat' dir='ltr'>Nauckio</span> <span class='ocrx_word' id='word_1_284' title='bbox 660 4015 793 4069; x_wconf 86' lang='lat' dir='ltr'>scribenti</span> <span class='ocrx_word' id='word_1_285' title='bbox 816 4033 843 4084; x_wconf 84' lang='lat' dir='ltr'>p.</span> <span class='ocrx_word' id='word_1_286' title='bbox 860 4016 923 4067; x_wconf 83' lang='lat'>163:</span> <span class='ocrx_word' id='word_1_287' title='bbox 954 4014 1119 4084; x_wconf 80' lang='lat' dir='ltr'>Unmdglich</span> <span class='ocrx_word' id='word_1_288' title='bbox 1141 4015 1246 4070; x_wconf 82' lang='lat' dir='ltr'>konnte</span> 
     </span>
     <span class='ocr_line' id='line_1_36' title="bbox 144 4101 1246 4172; baseline 0.001 -16"><span class='ocrx_word' id='word_1_289' title='bbox 144 4103 203 4156; x_wconf 83' lang='lat' dir='ltr'>dies</span> <span class='ocrx_word' id='word_1_290' title='bbox 221 4103 310 4156; x_wconf 87' lang='lat' dir='ltr'>einern</span> <span class='ocrx_word' id='word_1_291' title='bbox 329 4101 557 4170; x_wconf 87' lang='lat' dir='ltr'>byzantinischen</span> <span class='ocrx_word' id='word_1_292' title='bbox 573 4102 753 4156; x_wconf 88' lang='lat' dir='ltr'>Verbessercr</span> <span class='ocrx_word' id='word_1_293' title='bbox 769 4101 798 4153; x_wconf 92' lang='lat' dir='ltr'>in</span> <span class='ocrx_word' id='word_1_294' title='bbox 816 4101 870 4154; x_wconf 88' lang='lat' dir='ltr'>den</span> <span class='ocrx_word' id='word_1_295' title='bbox 889 4102 956 4155; x_wconf 85' lang='lat' dir='ltr'>Sinn</span> <span class='ocrx_word' id='word_1_296' title='bbox 974 4102 1123 4172; x_wconf 86' lang='lat' dir='ltr'>kommen,</span> <span class='ocrx_word' id='word_1_297' title='bbox 1156 4104 1246 4157; x_wconf 83' lang='lat' dir='ltr'>anmal</span> 
     </span>
     <span class='ocr_line' id='line_1_37' title="bbox 145 4188 1246 4260; baseline 0.003 -18"><span class='ocrx_word' id='word_1_298' title='bbox 145 4190 190 4243; x_wconf 88' lang='lat' dir='ltr'>die</span> <span class='ocrx_word' id='word_1_299' title='bbox 208 4188 433 4257; x_wconf 86' lang='lat' dir='ltr'>byzantinischen</span> <span class='ocrx_word' id='word_1_300' title='bbox 452 4189 576 4243; x_wconf 87' lang='lat' dir='ltr'>Kritiker</span> <span class='ocrx_word' id='word_1_301' title='bbox 594 4189 652 4243; x_wconf 88' lang='lat' dir='ltr'>sich</span> <span class='ocrx_word' id='word_1_302' title='bbox 670 4188 818 4256; x_wconf 75' lang='lat' dir='ltr'>bemiihen‚</span> <span class='ocrx_word' id='word_1_303' title='bbox 837 4190 945 4242; x_wconf 83' lang='lat' dir='ltr'>iiberall</span> <span class='ocrx_word' id='word_1_304' title='bbox 967 4189 1246 4260; x_wconf 65' lang='lat' dir='ltr'>lisilbigeTrimeter</span> 
     </span>
     <span class='ocr_line' id='line_1_38' title="bbox 134 4271 1245 4346; baseline 0.002 -16"><span class='ocrx_word' id='word_1_305' title='bbox 134 4271 196 4330; x_wconf 80' lang='lat' dir='ltr'>&#39;mit</span> <span class='ocrx_word' id='word_1_306' title='bbox 213 4276 397 4330; x_wconf 84' lang='lat' dir='ltr'>accentuirter</span> <span class='ocrx_word' id='word_1_307' title='bbox 415 4278 584 4345; x_wconf 88' lang='lat' dir='ltr'>paenultima</span> <span class='ocrx_word' id='word_1_308' title='bbox 602 4277 785 4330; x_wconf 81' lang='lat' dir='ltr'>hercustellen</span> <span class='ocrx_word' id='word_1_309' title='bbox 795 4296 801 4338; x_wconf 78' lang='lat' dir='ltr'>i</span> <span class='ocrx_word' id='word_1_310' title='bbox 824 4293 853 4329; x_wconf 84' lang='lat' dir='ltr'>es</span> <span class='ocrx_word' id='word_1_311' title='bbox 872 4276 942 4346; x_wconf 78' lang='lat' dir='ltr'>liegt</span> <span class='ocrx_word' id='word_1_312' title='bbox 959 4276 1052 4342; x_wconf 69' lang='lat' dir='ltr'>nither,</span> <span class='ocrx_word' id='word_1_313' title='bbox 1072 4278 1152 4332; x_wconf 83' lang='lat' dir='ltr'>einen</span> <span class='ocrx_word' id='word_1_314' title='bbox 1165 4280 1245 4332; x_wconf 88' lang='lat' dir='ltr'>Lese-</span> 
     </span>
     <span class='ocr_line' id='line_1_39' title="bbox 142 4363 449 4416; baseline -0.003 0"><span class='ocrx_word' id='word_1_315' title='bbox 142 4363 232 4416; x_wconf 82' lang='lat' dir='ltr'>fehler</span> <span class='ocrx_word' id='word_1_316' title='bbox 251 4363 449 4416; x_wconf 87' lang='lat' dir='ltr'>anzunchmen.</span> 
     </span>
    </p>
   </div>
   <div class='ocr_carea' id='block_1_5' title="bbox 0 0 1546 5124">
    <p class='ocr_par' dir='ltr' id='par_1_10' title="bbox 0 0 1546 5124">
     <span class='ocr_line' id='line_1_40' title="bbox 0 0 1546 5124; baseline 0 1"><span class='ocrx_word' id='word_1_317' title='bbox 0 0 1546 5124; x_wconf 95' lang='lat' dir='ltr'> </span> 
     </span>
    </p>
   </div>
  </div>
 </body>
</html>
