3084 5124
259 1375 457 1439 Scholiorum
478 1374 763 1439 Laurentianorum
794 1375 913 1438 fontem
942 1374 1149 1458 principalem
1177 1373 1277 1458 Didy-

174 1499 260 1540 mum
281 1476 518 1542 chalcenterum
540 1476 653 1554 fuisse,
676 1497 741 1540 non
763 1475 917 1557 estquod
939 1481 1012 1557 post
1033 1477 1215 1542 doctissima
1236 1475 1275 1540 G.

173 1578 293 1643 Wollfii
309 1584 341 1644 et
355 1577 397 1642 M.
413 1578 580 1644 Schmidtii
602 1578 708 1644 studia
722 1577 828 1642 adhuc
843 1577 1026 1642 addubitari
1040 1578 1149 1660 possit.
1194 1577 1276 1642 Con-

173 1685 239 1744 stat
259 1685 366 1746 autem
388 1680 478 1746 nobis
502 1680 695 1746 scholiorum
715 1680 845 1744 illorum
866 1679 986 1744 fontem
1000 1679 1227 1763 indagantibus
1242 1680 1276 1744 in

174 1782 235 1847 hoc
257 1804 321 1846 uon
344 1803 410 1848 esse
432 1781 676 1861 subsistendum,
698 1805 773 1848 nam
795 1789 827 1847 et
848 1787 935 1847 certa
955 1789 1143 1866 argumenta
1165 1789 1197 1847 et
1218 1783 1277 1846 ali-

174 1905 264 1949 orum
286 1886 478 1950 scholiorum
500 1886 697 1968 comparatio
720 1906 756 1949 eo
779 1907 836 1949 nos
859 1884 993 1963 ducunt,
1015 1889 1051 1950 ut
1073 1886 1168 1950 etiam
1189 1886 1276 1950 alex-

172 1985 378 2052 andrinorum
408 1988 688 2071 grammaticorum
718 1987 873 2069 imprimis
894 1985 1070 2052 Aristarchi
1097 1987 1274 2064 doctrinam

173 2090 232 2153 etsi
253 2089 412 2154 obtectam
435 2093 467 2154 et
487 2090 626 2154 relatam
647 2090 681 2152 in
695 2088 920 2154 Laurentianis
942 2090 1072 2155 scholiis
1094 2091 1196 2155 inesse
1210 2095 1277 2154 sta

171 2197 306 2255 tuamne.
349 2191 500 2256 Dubitari
521 2192 602 2256 enim
627 2211 692 2256 non
707 2196 822 2273 potest,
846 2194 924 2273 quin
937 2191 1118 2273 ubicunque
1134 2193 1168 2256 in
1183 2192 1276 2256 scho-

171 2293 222 2356 liis
242 2293 338 2358 verba
361 2287 393 2356 oi
416 2287 784 2380 ὑπομνηματισάμενοι,
816 2287 848 2356 oi
872 2289 1121 2380 ἐξηγησάμενοι,
1152 2287 1184 2357 οἱ
1206 2315 1275 2358 πα-

172 2381 259 2460 λοιοὶ
280 2401 458 2474 recurumt,
480 2395 559 2460 haec
580 2396 651 2478 ipsa
673 2395 715 2460 ad
737 2395 1018 2478 grammaticorum
1040 2395 1168 2460 illorum
1191 2416 1276 2460 com-

171 2499 326 2564 mentaria
355 2497 532 2580 Sophoclea
561 2501 705 2580 spectent
723 2499 760 2584 ¹).
820 2497 967 2563 Omnium
997 2504 1103 2563 autem
1135 2503 1277 2563 veterum

171 2606 453 2665 commentatorum
485 2600 519 2663 in
551 2601 670 2665 nostris
700 2600 828 2665 scholiis
862 2600 947 2666 solus
980 2601 1108 2666 nomine
1144 2598 1276 2666 affertur

171 2702 386 2786 Praxiphanes
417 2703 450 2766 in
479 2702 577 2767 schol.
600 2702 651 2767 ad.
676 2701 752 2767 Oed.
775 2701 841 2767 Col.
864 2726 892 2768 1.
916 2703 998 2780 90ος
1034 2703 1077 2766 ad
1098 2702 1276 2768 Aristarchi

170 2826 243 2869 vero
271 2804 404 2888 vestigia
432 2804 633 2887 agnoscenda
660 2805 816 2887 imprimis
846 2809 942 2868 notae
969 2803 1044 2870 illae
1067 2805 1196 2870 criticae
1218 2826 1276 2869 nos

170 2906 305 2984 ducunt,
333 2927 414 2988 quae
436 2907 560 2989 saepius
582 2908 616 2970 in
638 2906 767 2972 scholiis
788 2905 899 2971 addita
921 2906 1133 2989 explicatione
1155 2907 1276 2972 inveni·

169 3014 266 3072 untur
282 3009 321 3092 2),
343 3014 439 3089 atque
461 3008 520 3073 has
542 3008 670 3091 quidem
685 3007 912 3089 explicationes
928 3030 948 3073 a
962 3008 1098 3092 Didymo
1113 3010 1279 3092 proiectas

78 3173 80 3178 .
171 3130 237 3174 esse
259 3109 381 3192 conlegi
402 3115 506 3193 potest
528 3132 567 3176 ex
590 3110 688 3174 schol.
712 3108 754 3174 ad
774 3110 861 3174 Aiac.
884 3133 912 3175 v.
937 3110 978 3174 83
1007 3111 1041 3174 in
1071 3111 1138 3176 solo
1168 3111 1280 3176 codice·

170 3209 253 3275 Flor.
277 3210 314 3274 G.
337 3217 460 3277 servato
475 3206 624 3293 Δίδυμος
639 3215 829 3298 σημειοῢται
844 3207 903 3298 τὴν
919 3208 1059 3298 φράσος
1082 3219 1174 3278 notas
1189 3214 1274 3297 ipsas

169 3313 229 3395 ipsi
250 3313 434 3378 Aristarcho
464 3312 573 3378 deberi
602 3312 777 3395 probabilis
807 3319 854 3378 est
875 3315 1068 3380 coniectura.
1112 3315 1274 3381 Invenitur

169 3420 276 3479 autem
296 3420 374 3479 nota
394 3415 451 3478 illa
479 3413 518 3478 τὸ
540 3420 577 3478 Χ
600 3415 752 3480 tredecim
773 3420 899 3481 tantum
921 3416 1009 3482 locis.
1054 3417 1089 3483 Ο.
1113 3416 1146 3481 G.
1169 3440 1197 3481 1.
1220 3417 1272 3494 25,

170 3538 199 3594 1,
209 3515 261 3594 43,
282 3538 311 3579 1.
323 3516 396 3596 375,
418 3539 446 3581 1.
461 3517 553 3597 1494,
575 3540 603 3582 1.
619 3517 709 3582 1740.
732 3517 806 3581 Ant.
819 3541 847 3583 1.
864 3517 934 3598 735,
956 3542 984 3584 1.
996 3519 1067 3597 741,
1089 3542 1117 3583 1.
1133 3518 1214 3584 1176
1232 3521 1271 3604 3).

241 3778 261 3841 ¹)
297 3777 489 3845 gravissimum
508 3775 588 3828 huius
606 3775 647 3828 rei
665 3779 858 3845 argumentum
877 3779 987 3831 constat
1004 3776 1033 3829 in
1054 3777 1139 3830 schol.
1158 3777 1193 3830 ad
1206 3763 1272 3830 Ant’

168 3881 193 3919 v.
212 3867 261 3917 4⁵:
290 3863 417 3935 Δίδυμος
441 3861 472 3916 δὲ
497 3864 583 3932 φησὶν
608 3857 663 3913 ὑπὸ
681 3866 736 3913 τῶν
754 3858 1010 3934 ὑπομνηματιστῶν
1024 3859 1077 3914 ’τὸν
1094 3863 1154 3928 ἑξῆς
1172 3867 1273 3933 στίχον

169 3954 359 4004 veraciorem.

239 4038 263 4104 ²)
299 4038 333 4092 cl.
352 4038 478 4092 Schmidt
502 4037 613 4104 Didymi
637 4035 801 4106 fragmenta.
838 4037 948 4105 Lipsiae
974 4037 1050 4089 1854.
1086 4055 1112 4106 p.
1139 4040 1199 4090 265.
1236 4039 1271 4092 H.

168 4125 311 4180 Schrader.
347 4126 389 4179 De
411 4123 553 4179 notatione
581 4123 679 4177 critica
703 4141 720 4176 a
748 4124 888 4178 veteribus
910 4124 1100 4193 grammaticis
1125 4126 1154 4178 in
1181 4128 1270 4194 poetis

168 4212 300 4266 scaenicis
325 4213 459 4266 adhibita.
494 4213 573 4266 Bonn
593 4211 669 4263 1863.

239 4299 263 4366 ³)
298 4317 379 4367 quem
397 4302 488 4355 locum
506 4298 675 4353 Schmidtius
692 4298 892 4369 praetermisit,
913 4298 1010 4352 attulit
1027 4301 1119 4356 autem
1138 4298 1269 4352 Schrade-

166 4403 213 4440 rus
230 4403 258 4454 p.
272 4386 314 4440 28.
