3084 5124
690 409 730 471 15

156 599 253 677 tiani,
275 596 458 663 melioribus
480 595 658 676 codicibus,
680 617 776 678 quam
800 595 1032 661 Laurentianus
1054 600 1118 674 cst,
1142 595 1258 662 deberi.
1300 635 1303 642 ‹

157 701 305 766 Fortasse
327 701 473 766 omnibus
495 700 599 778 locis,
635 701 690 782 qui
716 699 757 766 ab
786 699 849 764 illis
871 699 1019 764 manibus
1040 700 1155 764 mutati
1175 706 1259 777 sunt,

157 804 308 869 conlectis
330 809 426 885 atque
447 808 595 868 accurate
618 802 828 880 examinatis,
865 806 972 866 utrum
992 802 1192 867 coniecturae
1214 823 1256 865 an

157 906 257 970 codici
280 904 464 992 debeantur
487 904 525 970 de
547 905 742 987 singularum
763 925 915 968 manuum
928 904 1118 969 auctoritate
1137 903 1259 985 aliquid

157 1009 255 1073 statui
285 1013 398 1090 potest.
443 1008 544 1084 Quam
567 1007 783 1088 quaestionem
804 1027 889 1070 nunc
910 1007 1076 1071 instituere
1098 1025 1163 1070 non
1185 1025 1258 1088 pos·

157 1131 281 1188 sumus,
318 1131 358 1174 ne
379 1111 413 1174 in
435 1110 530 1174 rebus
553 1108 748 1174 secundariis
770 1109 853 1174 iusto
876 1108 993 1174 diutius
1016 1113 1258 1186 commorantes,

156 1212 324 1295 primarias
352 1212 516 1296 neglegere
543 1211 730 1290 uideamur,
768 1230 866 1292 quare
895 1231 980 1274 nunc
1008 1233 1112 1294 pauca
1131 1215 1257 1276 tantum

155 1312 296 1379 afferam.

240 1416 286 1479 Ac
308 1415 443 1499 primum
467 1416 594 1497 quidem
616 1416 656 1479 de
677 1435 741 1480 una
756 1434 853 1478 manu
868 1414 988 1478 recenti
1001 1420 1086 1479 recte
1102 1414 1257 1480 iudicasse

155 1517 354 1582 Dindorfium
385 1522 533 1597 constat,
569 1538 646 1581 nam
671 1517 843 1581 nonnullae
873 1518 1065 1581 mutationes
1086 1524 1195 1601 aperte
1218 1538 1257 1581 ex

155 1620 347 1704 apographis
369 1620 503 1684 haustae
525 1626 607 1684 sunt.
649 1619 702 1686 Sic
730 1619 764 1684 in
792 1619 982 1702 apographis
1005 1619 1116 1684 Trach.
1139 1643 1167 1686 v.
1193 1619 1253 1683 631

155 1743 213 1806 pro
234 1743 308 1788 vera
329 1723 486 1804 scriptura
507 1722 714 1786 Laurentiani
734 1716 808 1806 πρῴ
830 1742 849 1784 a
874 1725 1051 1786 correctore
1073 1721 1166 1786 huius
1181 1741 1256 1786 usus

153 1825 265 1906 ignaro
288 1826 509 1907 scriptumest
531 1820 623 1909 πρὶν,
654 1822 740 1905 quod
761 1822 891 1888 verbum
912 1845 1026 1887 manus
1048 1823 1114 1888 XV.
1138 1825 1255 1888 saeculi

154 1926 188 1990 in
210 1926 423 1992 Laurentiano
452 1927 640 2005 annotavit,
677 1924 786 1990 eadem
815 1925 950 1990 fortasse
979 1947 1091 1990 manus
1120 1947 1159 1989 cx
1191 1947 1256 1989 uno

154 2027 348 2110 apographo,
369 2029 403 2092 in
425 2049 489 2111 quo
511 2028 658 2093 librarius
680 2029 826 2092 vitiosam
847 2027 964 2092 codicis
987 2029 1176 2110 scripturam
1198 2024 1255 2092 καὶ

154 2131 187 2193 in
208 2121 482 2208 aori‘correxerat,
505 2129 617 2194 Trach.
640 2151 668 2193 v.
692 2129 771 2208 747,
800 2130 883 2194 hanc
905 2131 1093 2212 scripturam
1115 2131 1149 2194 in
1171 2151 1255 2194 mar-

154 2233 226 2313 gine
255 2232 349 2296 Laur.
379 2233 548 2314 adscripsit
566 2234 602 2317 1).
647 2230 767 2295 Eodem
795 2232 889 2295 modo
919 2233 978 2296 etsi
1000 2253 1064 2296 non
1086 2233 1191 2297 dicam
1212 2232 1253 2297 ab

153 2332 263 2396 eadem
290 2354 387 2397 manu
414 2334 448 2396 in
469 2333 718 2397 Laurentianum
739 2334 826 2397 venit
848 2334 936 2399 varia
958 2335 1052 2398 lectio
1073 2334 1115 2398 ad
1136 2334 1252 2399 Electr.

152 2457 182 2500 v.
205 2434 267 2497 947
288 2457 335 2520 γρ.
359 2435 464 2499 τελεῖν
487 2455 514 2500 a.
537 2456 578 2498 m.
600 2437 831 2514 recentissima,
853 2456 934 2518 quae
956 2438 989 2500 in
1011 2436 1156 2501 omnibus
1177 2458 1255 2520 apo-

152 2537 281 2620 graphis
304 2543 433 2620 excepto
455 2538 593 2602 Floreat.
617 2537 653 2601 G.
677 2538 801 2624 legitur,
825 2560 896 2603 cum
918 2539 1013 2604 Laur.
1036 2544 1156 2604 rectam
1178 2541 1255 2605 scri·

152 2644 279 2722 pturam
307 2642 417 2704 ποιεῖν
446 2639 616 2719 exhibeat3
652 2647 748 2723 atque
777 2640 860 2706 idem
883 2640 1051 2706 dicendum
1073 2648 1121 2706 est
1143 2640 1181 2706 de
1205 2663 1252 2728 γρ.

151 2737 329 2828 βουλοίμην
355 2737 456 2826 βραχύ
485 2762 513 2806 a.
536 2764 577 2806 m.
600 2743 815 2808 recentissima
837 2744 878 2808 ad
900 2744 1015 2808 Electr.
1038 2766 1065 2810 v.
1090 2743 1174 2806 1304
1196 2744 1254 2809 ad·

152 2845 286 2927 scripta,
314 2864 376 2925 quo
398 2843 468 2907 loco
489 2843 584 2908 Laur.
608 2851 790 2928 corruptam
813 2844 910 2910 habet
928 2835 1120 2928 scripturam
1142 2840 1251 2926 λεξαί-

148 2963 221 3032 μην,
245 2966 325 3027 quae
346 2945 380 3009 in
396 2946 463 3010 solo
479 2947 664 3030 apographo
679 2947 826 3011 Palatino
849 2953 992 3011 correcta
1014 2950 1062 3011 est
1084 2947 1118 3010 in
1140 2943 1251 3028 estat-

149 3069 213 3132 μην
242 3069 313 3112 cum
344 3053 449 3111 cetera
478 3048 663 3138 apographa
684 3047 772 3113 haud
794 3048 888 3114 dubie
909 3071 947 3118 ex
969 3050 1150 3114 coniectura
1171 3054 1250 3134 βοο-

149 3145 267 3236 λοίμην
287 3148 469 3232 praebcant.
513 3150 617 3233 Atque
643 3150 754 3216 eadem
782 3151 916 3216 fortasse
945 3173 1058 3216 manus
1080 3172 1189 3217 recens
1210 3151 1252 3216 ad

150 3251 186 3314 Ο.
209 3251 247 3314 R.
270 3273 299 3316 u.
324 3251 385 3314 722
408 3251 577 3334 adscripsit
598 3275 646 3339 γρ.
669 3255 812 3333 παθεῖν,
836 3274 932 3336 quam
954 3254 1144 3336 scripturam
1167 3275 1252 3332 sum·

149 3353 191 3417 sit
212 3373 251 3416 ex
272 3353 475 3437 apographis,
497 3356 531 3418 in
553 3354 667 3438 quibus
688 3356 802 3420 vitiosa
823 3355 940 3421 codicis
961 3356 1070 3434 lecti0,
1095 3377 1193 3439 quae,
1216 3361 1252 3420 ut

149 3459 233 3519 recte
259 3453 443 3519 Dindorfius
473 3458 629 3536 coniecit,
669 3479 775 3522 errore
804 3457 926 3522 librarii
962 3456 1004 3522 ad
1033 3479 1157 3522 versum
1189 3457 1251 3521 713

148 3556 326 3623 aberrantis
349 3562 419 3622 orta
440 3565 496 3636 cst,
519 3560 693 3624 rectissime
714 3561 748 3624 in
771 3562 897 3624 παθεῖν
919 3564 1043 3624 mutata
1064 3565 1120 3624 est.

155 3707 348 3720 ’κὴ-...κ-

218 3829 239 3899 ¹)
276 3827 378 3882 similes
396 3827 451 3882 loci
469 3833 546 3898 sunt3
572 3829 603 3882 Ο.
622 3829 654 3884 R.
673 3847 699 3882 v.
720 3830 785 3882 llll
807 3830 919 3900 πρέσβα
937 3847 1015 3883 erasa
1032 3847 1087 3882 una
1106 3833 1170 3898 post
1189 3849 1199 3880 ι
1216 3829 1248 3882 Ιί-

146 3921 215 3970 tera.
251 3917 373 3987 πρέσβυν
391 3932 465 3969 man.
484 3911 681 3984 recentissima,
701 3917 774 3984 quod
794 3921 836 3969 est
854 3917 882 3969 in
903 3917 1077 3985 apographis.
1113 3917 1156 3970 Αἰ.
1175 3935 1200 3971 v.
1215 3917 1249 3970 74

147 4001 197 4072 σφ’
223 4020 239 4055 a
268 4013 341 4058 man.
372 4003 561 4057 recentissima
590 4005 724 4058 insertum
754 4001 859 4057 habent
889 4004 1055 4072 apographa.
1090 4005 1133 4056 ai.
1153 4023 1179 4058 v.
1197 4007 1249 4057 222

146 4145 214 4230 areo
227 4181 233 4191 .
248 4091 313 4201 ,7ος
332 4160 355 4194 π
373 4159 437 4197 am.
450 4143 650 4212 recentissima,
669 4146 790 4202 αἴθοπος
809 4144 891 4196 estin
903 4143 1079 4213 apographis.
1102 4144 1145 4198 Αἰ.
1158 4162 1183 4200 v.
1195 4145 1248 4196 495

146 4232 158 4262 f

145 4282 221 4353 ipsis
242 4301 270 4338 α.
290 4301 306 4336 a
325 4299 362 4338 m.
379 4285 577 4355 recentissima,
597 4284 757 4354 apographa
775 4283 908 4354 pleraque
925 4280 1014 4354 ἀφείς.
