3084 5124
803 473 842 536 12

271 682 334 742 qna
357 683 409 726 eos
431 667 555 726 tanturn
579 664 723 726 tractabo
746 663 856 740 locos,
893 661 1011 744 quibus
1034 660 1132 726 codex
1154 663 1250 726 aliam
1272 669 1369 746 atque

269 761 456 827 deteriorem
478 763 607 846 praebet
628 764 804 842 lectionem,
828 785 924 846 qnam
946 763 1135 828 scholiastae
1155 765 1299 848 legerunt
1311 771 1370 831 ant

216 891 219 896 ·
269 864 380 946 legisse
401 865 563 944 videntur,
593 867 639 930 ita
661 867 839 943 instituam,
862 872 898 931 nt
919 867 1055 948 primum
1076 867 1269 946 examinem,
1292 867 1368 950 qnid

270 966 309 1030 de
335 967 430 1031 variis
458 968 644 1033 lectionibus
675 970 708 1032 in
737 967 844 1034 codice
866 967 946 1050 sigla
966 989 1013 1052 γρ.
1037 966 1205 1050 adscriptis
1226 974 1367 1034 statuen-

270 1067 345 1132 dum
367 1069 416 1148 sit,
438 1073 506 1134 tum
528 1070 600 1134 illos
622 1069 752 1135 afferam
773 1071 869 1148 locos,
892 1070 945 1152 qui
962 1091 1001 1134 cx
1016 1069 1194 1135 scholiastis
1208 1071 1278 1154 ipsa
1293 1093 1369 1155 poe-

268 1175 320 1234 tae
341 1169 438 1236 verba
459 1171 662 1238 afferentibus
683 1172 843 1238 emendari
864 1172 1002 1254 possint3
1032 1170 1170 1255 denique
1188 1174 1275 1254 illos,
1298 1176 1368 1256 qui-

268 1272 327 1337 bus
351 1273 540 1340 scholiastae
562 1276 781 1358 interpretatio
804 1274 845 1340 ad
868 1275 964 1339 aliam
986 1296 1118 1357 eamque
1140 1275 1301 1340 meliorem
1323 1279 1368 1342 lc-

268 1377 404 1440 ctionem
425 1377 582 1458 pertinerc
603 1377 756 1442 videatur.
801 1377 870 1454 Qua
891 1379 980 1442 inre
1001 1379 1135 1442 multum
1156 1401 1207 1443 me
1228 1379 1366 1458 adiuvat,

269 1477 353 1558 qnod
367 1477 513 1543 Wolffins
535 1478 573 1542 dc
595 1479 702 1543 multis
725 1480 812 1558 lociS,
836 1501 914 1561 qnos
935 1486 1129 1546 tractaturus
1153 1502 1231 1558 sum,
1254 1503 1310 1545 sno
1333 1483 1366 1545 in

268 1578 349 1644 libro
371 1579 467 1658 dixit,
496 1580 604 1662 itaqne
628 1581 704 1645 satis
728 1583 802 1660 erit,
826 1581 853 1645 si
874 1582 928 1646 nbi
951 1603 1024 1655 cum
1045 1581 1172 1647 Wolffio
1195 1583 1366 1662 consentio,

268 1682 415 1746 adhunc
439 1682 589 1766 delegabo
612 1683 770 1748 lectorem.

351 1786 529 1869 Antequam
549 1791 656 1850 antem
677 1786 719 1850 ad
741 1788 842 1869 ipsam
862 1787 1078 1869 quaestionem
1099 1788 1265 1866 accedam,
1293 1810 1367 1853 nec-

268 1911 335 1954 esse
357 1894 405 1953 θεῖ
426 1888 536 1970 paucis
557 1889 745 1973 perfungar,
777 1911 858 1972 qnae
880 1888 1015 1954 dicenda
1038 1896 1112 1955 sunt
1133 1891 1172 1956 de
1195 1890 1366 1969 codicibus,

267 1991 382 2074 quibus
405 1991 526 2056 scholia
546 1998 653 2058 vetera
675 1992 766 2057 nobis
789 1997 863 2056 sunt
884 1991 1012 2056 tradita.

353 2092 498 2160 Codicem
519 2095 737 2160 Florentinum
752 2094 790 2158 G.
813 2096 877 2158 iam
898 2100 994 2158 antea
1014 2094 1148 2159 vidimus
1172 2095 1292 2160 scholia
1313 2118 1367 2161 ex-

266 2196 374 2261 hibere
395 2218 459 2261 non
481 2219 520 2262 ex
534 2197 746 2262 Laurentiano
769 2196 927 2279 descripta
948 2202 980 2261 et
1000 2195 1159 2261 interdum
1179 2196 1366 2280 integriora}

266 2299 380 2381 reliqui
401 2305 507 2364 autem
529 2301 662 2379 codices,
685 2301 740 2383 qni
762 2299 882 2364 scholia
903 2299 1076 2376 continent,
1099 2304 1234 2363 autnon
1250 2300 1365 2378 omnia,

266 2401 322 2466 scd
343 2407 491 2484 excerpta
512 2408 655 2480 tantum,
677 2409 733 2467 aut
752 2407 820 2465 tam
842 2407 991 2482 corrupta
1014 2400 1184 2482 praebent,
1206 2407 1242 2464 ut
1264 2401 1305 2465 ad
1327 2403 1367 2467 il-

265 2505 312 2569 los
335 2525 399 2569 non
421 2504 665 2586 confugiendum
688 2505 738 2568 sit.
783 2503 886 2580 Quare
909 2503 1040 2566 relicum
1063 2508 1125 2582 est,
1161 2509 1197 2567 ut
1219 2503 1257 2568 de
1279 2503 1367 2568 codi-

265 2607 309 2671 cis
331 2605 547 2684 Laurentiani,
568 2607 602 2671 in
626 2627 689 2688 qno
712 2607 818 2670 omnia
840 2606 918 2670 artis
941 2605 1070 2670 criticae
1091 2604 1298 2671 fundamenta
1319 2607 1366 2671 ia-

263 2731 336 2775 cere
356 2710 512 2787 ridentnr,
534 2709 640 2774 indole
661 2713 757 2791 atque
779 2713 894 2772 natura
916 2729 1019 2790 panca
1042 2706 1154 2771 dicam.

351 2811 492 2894 Scriptus
515 2812 610 2894 igitur
632 2816 680 2876 est
700 2811 752 2876 hic
774 2809 874 2874 codex
896 2809 1033 2892 optimus
1056 2808 1180 2874 saccnlo
1202 2807 1255 2872 XI.
1279 2832 1299 2873 a
1326 2809 1365 2876 li-

263 2915 370 2980 brario
391 2914 531 2991 indocte,
553 2915 608 2996 qni
621 2920 788 2996 postquam
803 2917 907 2976 totum
922 2911 1064 2975 exaravit
1079 2910 1228 2989 codicem,
1250 2912 1364 2976 iterum

264 3039 335 3082 enm
358 3037 429 3081 cnm
451 3015 622 3099 archetypo
644 3014 794 3091 contulit,
831 3034 939 3078 versus
960 3012 1148 3089 nonnullos,
1186 3033 1263 3095 qnos
1287 3013 1365 3078 omi-

264 3124 359 3196 serat,
380 3119 414 3182 in
436 3119 578 3200 margine
600 3116 777 3198 adscripsit,
799 3117 892 3198 plura
907 3115 986 3179 vitia
1001 3115 1152 3193 correxit3
1175 3120 1271 3198 atque
1286 3115 1363 3180 haec

264 3221 367 3303 prima
386 3241 508 3298 manns,
530 3225 567 3283 ut
581 3241 640 3301 par
653 3224 710 3296 est,
732 3219 903 3281 maximam
917 3215 1014 3280 habet
1028 3215 1258 3280 auctoritatem.
1288 3216 1365 3282 Post

263 3323 365 3400 hunc,
388 3320 443 3386 sed
466 3320 575 3386 eodem
598 3320 741 3397 sacculo,
764 3319 845 3384 alins
867 3318 1016 3386 librarius
1038 3317 1175 3399 margini
1196 3318 1364 3401 adscripsit

264 3424 386 3489 scholia
413 3428 521 3489 vetera
547 3430 579 3488 et
603 3422 774 3487 nonnullas
801 3421 905 3485 varias
927 3419 1077 3484 lectiones
1099 3424 1156 3483 ant
1176 3420 1286 3486 addita
1308 3427 1365 3486 aut
1418 3405 1424 3417 ’

265 3529 382 3591 omissa
412 3525 490 3610 sigla
511 3547 558 3611 γρ.
581 3525 632 3590 vel
652 3525 736 3588 inter
756 3543 865 3587 rersns
886 3521 936 3586 vcl
957 3521 990 3585 in
1013 3521 1163 3604 margine.
1206 3521 1293 3587 Haec
1316 3531 1364 3589 cst

263 3649 376 3693 manns
398 3628 545 3706 secunda,
567 3647 663 3709 qnam
684 3623 868 3689 Dindorfius
889 3644 954 3688 non
973 3623 1103 3689 librario
1126 3622 1221 3687 alicui
1236 3625 1292 3690 sed
1306 3626 1364 3691 ho-

263 3730 341 3795 mini
372 3729 482 3794 critico
511 3729 646 3805 tribuit,
684 3727 816 3808 ideoque
844 3726 935 3790 illnm
964 3720 1149 3812 διορθωτὴν
1181 3728 1363 3809 appellavit.

264 3833 393 3898 Praeter
414 3832 473 3896 has
496 3831 578 3896 aliae
600 3851 713 3894 manus
735 3834 766 3892 et
789 3828 983 3910 antiquiores
1006 3834 1037 3892 ct
1058 3827 1248 3893 recentiores
1262 3831 1296 3895 in
1311 3852 1364 3896 co-

267 3933 336 3998 dice
357 3934 596 4011 discemnntnr,
626 3953 706 4014 qnae
728 3929 887 3995 interdum
908 3935 1030 3994 textum
1052 3932 1230 4010 mutarunt,
1257 3937 1289 3996 et
1309 3955 1364 3998 va-

262 4037 327 4102 rias
348 4036 498 4102 lectiones
520 4035 764 4119 adscripserunt.

727 4229 931 4242 Μ
