3084 5124
796 445 815 507 8

254 656 327 702 raro
349 656 465 718 magna
486 633 669 698 inscientiae
700 654 774 698 suae
805 632 892 697 dedit
921 631 1124 712 documenta3
1162 654 1226 715 qua
1254 631 1293 696 de
1320 653 1355 696 re

253 737 434 804 accuratius
457 737 521 819 egit
540 733 687 804 Wolffius
716 739 745 816 ξ.
762 735 791 798 2.
834 734 927 798 Η111
948 739 1054 798 autern
1077 733 1306 799 schohorumf
1340 771 1354 783 ·

253 840 414 924 reginem,
450 837 560 902 eadem
581 837 684 902 forma
705 858 769 918 qua
790 856 848 900 nos
869 837 1003 913 utimur,
1040 836 1098 902 etsi
1119 836 1254 904 fortasse
1275 857 1355 900 non-

254 942 352 1007 nullis
373 939 467 1019 vitiis,
489 959 570 1022 quae
592 938 730 1002 hbrariis
752 938 917 1016 debentur,
939 938 1072 1003 hberam
1086 939 1231 1004 adhibuit
1240 937 1355 1004 Suidas

254 1045 288 1110 in
309 1043 410 1110 lexico
435 1062 491 1106 suo
513 1041 750 1120 conscribenda,
772 1063 847 1106 nam
869 1041 1050 1124 saepissime
1071 1041 1259 1108 verbotenus
1283 1062 1355 1106 cum

256 1146 383 1214 scholiis
407 1144 523 1209 nostris
547 1144 700 1227 congruit.

338 1247 376 1312 11
397 1246 576 1312 universum
600 1251 706 1310 autem
729 1245 865 1323 scholia,
902 1267 984 1328 quae
1003 1249 1111 1311 111111
1134 1244 1303 1324 dicuntur,
1335 1267 1355 1310 a

254 1349 438 1418 commentis
460 1348 704 1432 byzantinorum
726 1349 1004 1430 grammaticorum
1026 1347 1127 1412 libera
1139 1353 1232 1428 sunt,
1254 1349 1355 1414 maxi-

253 1474 366 1536 meque
392 1473 452 1530 ea,
489 1451 625 1532 quaein
647 1451 754 1515 codice
775 1449 990 1516 Laurentiano
1011 1450 1103 1515 nobis
1126 1454 1250 1514 servata
1271 1454 1354 1528 sunt,

253 1577 328 1620 nam
350 1574 388 1620 ea
409 1553 546 1631 schoha‚
570 1553 706 1635 quaein
729 1553 836 1618 codice
859 1551 1043 1617 Florentino
1066 1551 1103 1616 G.
1126 1550 1168 1615 ad
1189 1551 1355 1634 Sophoclis

254 1655 446 1740 Oedipodem
473 1676 596 1737 regem,
618 1655 764 1732 Aiacem,
787 1653 1014 1730 Philoctetam,
1036 1653 1197 1719 Electram
1219 1660 1355 1736 exstant,

253 1777 355 1841 neque
378 1778 417 1821 ex
431 1757 646 1824 Laurentiano
669 1758 827 1840 exscripta
843 1762 926 1834 sunt,
948 1777 1020 1820 cum
1036 1777 1275 1838 nonnumquam
1289 1777 1355 1821 me-

253 1860 347 1924 liores
368 1858 543 1944 praebeant
564 1858 715 1923 lectiones
737 1865 770 1923 et
790 1857 946 1922 nonnulla
967 1858 1088 1924 schoha
1111 1859 1297 1941 praesertim
1312 1858 1355 1924 ad
1432 1882 1436 1888 ·
1536 1855 1537 1900 ³

253 1961 380 2027 Aiacem
402 1961 576 2043 integriora
598 1961 784 2040 exhibeant,
808 1982 904 2042 quam
924 1960 1173 2041 LaurentianuS,
1195 1961 1356 2046 1111111-

252 2064 328 2128 tinis
350 2063 574 2128 additamentis
596 2084 662 2127 non
683 2063 783 2128 libera
805 2068 902 2142 sunt,
940 2063 1024 2146 quod
1053 2065 1188 2129 maxime
1218 2064 1356 2148 probant

252 2164 309 2229 illa
331 2171 524 2244 commenta,
546 2187 626 2247 quae
648 2171 704 2230 aut
724 2164 855 2231 Taetzae
878 2186 993 2230 nomen
1015 2187 1092 2247 prae
1114 2187 1147 2230 se
1169 2166 1291 2244 ferunt,
1315 2169 1354 2232 ct'.

254 2266 351 2348 schol.
374 2265 416 2330 ad
444 2266 479 2332 Ο.
501 2267 538 2331 R.
561 2291 589 2332 1.
613 2267 694 2346 264,
721 2273 778 2331 aut
799 2269 897 2333 stulto
919 2272 951 2331 et
970 2268 1077 2352 inepto
1099 2273 1285 2352 argumento
1306 2291 1355 2334 11-

254 2375 377 2436 centem
401 2391 491 2434 suam
513 2371 665 2452 originem
687 2371 916 2434 demonstrant.

337 2470 479 2550 Accedit,
500 2471 585 2554 quod
607 2471 728 2536 schoha
749 2471 951 2536 librariorum
974 2471 1108 2536 stultitia
1119 2477 1176 2536 aut
1189 2472 1356 2554 neglegen-

251 2574 297 2640 tia
328 2573 415 2638 haud
444 2595 577 2658 parvum
605 2575 639 2638 in
667 2574 796 2638 modum
826 2579 976 2656 corrupta
1003 2581 1094 2654 sunt3
1132 2574 1217 2657 quod
1239 2575 1356 2658 optime

252 2681 385 2760 apparet
416 2698 454 2741 ex
483 2677 571 2755 11111,
608 2697 690 2758 quae
711 2675 848 2760 Didymo
870 2675 1053 2742 tribuuntur
1073 2678 1124 2762 ¹),
1161 2677 1276 2760 quibus
1304 2678 1357 2742 vix

254 2780 437 2846 coniectura
459 2780 527 2844 erui
548 2784 672 2863 potest,
704 2779 780 2860 quid
801 2784 889 2843 vetus
911 2779 965 2843 ille
987 2779 1081 2843 homo
1104 2779 1232 2846 criticus
1255 2784 1357 2844 statu-

253 2883 321 2948 erit.
365 2881 450 2959 Talis
472 2903 544 2946 cum
567 2882 609 2946 sit
630 2881 824 2947 scholiorum
845 2881 1001 2960 conditio,
1036 2887 1169 2965 apparet
1190 2902 1248 2946 nos
1271 2887 1356 2946 recte

234 2975 348 3050 ¹antea
368 2982 544 3061 iudicasse,
575 3005 641 3047 non
662 2988 787 3048 tantam
809 2984 853 3048 eis
875 2983 1076 3049 tribuendam
1096 3005 1164 3050 1111
1183 2983 1356 3048 auctorita-

251 3093 326 3165 tem,
348 3091 500 3170 quantam
522 3085 649 3170 Didymi
670 3107 786 3151 nomen
808 3107 865 3150 suo
886 3086 954 3150 iure
977 3086 1037 3151 sibi
1057 3086 1217 3151 vindicare
1239 3089 1354 3167 posset.

253 3188 360 3255 Nihilo
382 3193 489 3254 tamen
512 3189 616 3253 minus
638 3188 759 3254 schoha
780 3187 838 3254 illa
858 3209 980 3271 semper
1002 3186 1042 3251 ab
1058 3186 1237 3252 hominibus
1253 3186 1354 3252 doctis

253 3291 360 3374 magni
380 3289 490 3356 habita
510 3297 599 3370 sunt3
622 3278 785 3356 continent
797 3291 890 3368 enim,
914 3291 940 3354 si
955 3288 1110 3354 nonnulla
1125 3294 1302 3353 commenta
1316 3288 1355 3354 de

254 3393 374 3476 origine
395 3393 586 3472 verborum,
622 3393 793 3459 nonnullas
824 3392 922 3456 falsas
944 3389 1170 3473 explicationes
1192 3391 1355 3468 mittimus,

252 3501 377 3560 tantam
406 3495 569 3561 doctrinae
600 3497 724 3580 copiam
754 3517 794 3560 ex
815 3499 956 3558 veterum
976 3493 1255 3575 grammaticorum
1276 3493 1355 3556 alio-

252 3617 385 3678 rumque
407 3599 596 3681 scriptcrum
620 3596 852 3664 commentariis
875 3601 906 3660 et
927 3595 1073 3678 operibus
1093 3594 1251 3673 haustam,
1272 3615 1354 3676 quae

253 3699 295 3764 ad
317 3699 505 3784 explicanda
533 3706 646 3783 poetae
674 3699 773 3765 verba
795 3699 933 3762 maximo
955 3697 1027 3762 usui
1048 3701 1146 3774 sunt,
1185 3703 1217 3762 et
1238 3696 1356 3761 iudicia

253 3802 408 3868 nonnulla
428 3803 570 3885 perbona
591 3803 630 3868 de
652 3808 764 3885 poetae
786 3805 879 3879 arte,
917 3799 956 3864 de
983 3820 1188 3881 personarum
1209 3799 1355 3882 partibus

254 3909 389 3986 atquae
411 3911 484 3968 sunt
505 3905 644 3983 similia,
679 3905 727 3968 ita
755 3907 791 3967 ut
818 3903 872 3985 qui
894 3901 1082 3984 Sophoclem
1104 3901 1355 3984 interpretantur

254 4007 306 4070 vix
328 4027 367 4070 ea
387 4006 551 4090 neglegere
571 4007 703 4090 possint.

341 4107 414 4172 Alia
442 4113 548 4172 autern
579 4109 685 4174 existit
707 4107 860 4191 quaestio,
883 4128 959 4172 num
982 4105 1103 4172 scholia
1125 4103 1167 4169 ad
1189 4103 1353 4187 Sophochs

258 4244 461 4256 Μ

326 4325 346 4390 Ι)
383 4322 418 4379 cf.
437 4323 520 4377 schol.
540 4324 576 4378 ed
593 4323 658 4378 Ant.
677 4342 702 4380 v.
717 4323 779 4378 722.
796 4324 911 4378 Aiacv.
927 4325 1004 4376 1225.
