3084 5124
799 497 826 599 v6

266 685 378 752 Traoh.
394 707 422 748 v.
438 685 510 748 400.
533 685 613 749 000.
630 708 658 748 v.
676 686 747 763 000,
770 707 798 748 v.
814 683 887 762 342,
910 667 1035 762 v.'417;
1067 686 1172 750 rarius
1194 688 1290 752 osam
1312 687 1367 752 os-

266 787 357 866 elus,
395 786 483 852 cuius
512 793 601 852 certa
627 787 758 870 vestigia
785 791 909 850 tantum
932 785 1151 851 0110231.
1182 788 1254 853 Ant.
1270 811 1298 852 0.
1314 789 1365 853 45.

266 889 314 953 Α1.
339 887 400 953 841
423 889 555 972 reperiri
576 893 718 970 possunt.
762 887 824 954 Sed
846 887 873 958 si
893 887 966 951 illos
988 882 1093 968 locos,
1115 887 1170 953 uhi
1193 889 1313 956 scholia
1333 892 1367 956 in

265 989 345 1054 alios
367 994 477 1073 poetas
499 990 659 1056 scaenicos
687 995 780 1054 notas
801 990 927 1055 criticas
950 989 1060 1055 addita
1082 990 1291 1073 explicatione
1313 1014 1367 1056 ex·

265 1090 392 1170 hibent,
431 1113 502 1156 cum
526 1093 686 1157 nonnullis
708 1093 835 1158 scholiis
857 1092 1039 1176 Sophocleis
1063 1092 1268 1173 conferimus,
1301 1115 1366 1158 non

264 1214 448 1277 possumne,
478 1194 555 1276 quin
576 1195 676 1259 multo
698 1194 844 1260 latiorem
865 1195 899 1258 in
921 1193 1077 1277 Sophocle
1100 1196 1287 1278 explicando
1308 1218 1366 1261 no-

264 1300 371 1360 tarum
399 1295 581 1362 criticorum
610 1297 749 1379 patuisse
772 1302 947 1362 statuamus
968 1318 1083 1376 usum,
1121 1320 1217 1380 quam
1244 1299 1366 1364 scholia

264 1397 478 1462 Laurentisne
493 1398 584 1463 nohis
599 1404 776 1464 monstrare
786 1398 961 1464 videantur.
985 1400 1087 1482 Atque
1104 1400 1151 1464 ita
1161 1421 1181 1482 a
1191 1400 1363 1466 Schmidtio

264 1499 356 1588 multi
370 1499 432 1563 loci
447 1500 581 1564 conlecti
601 1501 717 1586 sunt1)
738 1500 902 1583 inquibus
925 1500 1114 1566 scholiastae
1136 1503 1304 1585 explicatio
1328 1524 1364 1567 eo

263 1622 322 1666 nos
344 1602 441 1680 ducit,
462 1602 569 1668 uthis
591 1622 716 1685 quoque
737 1602 878 1668 versibus
900 1603 941 1668 ab
956 1603 1142 1668 Aristarcho
1163 1604 1214 1669 vel
1227 1605 1291 1669 alio
1306 1604 1365 1668 ho-

262 1703 346 1768 mine
369 1704 478 1769 critico
500 1711 609 1770 notam
631 1705 773 1770 criticam
795 1706 954 1788 appictam
976 1705 1072 1769 101000
1087 1709 1250 1787 putemus3
1273 1727 1365 1790 prae-

262 1811 412 1888 tereaque
426 1807 504 1871 mihi
525 1829 564 1872 ex
586 1808 657 1872 aliis
679 1807 767 1886 locis,
790 1808 845 1873 ubi
859 1802 897 1870 τὸ
913 1812 949 1872 Χ
961 1807 1124 1890 appictum
1139 1814 1197 1888 001,
1219 1816 1364 1874 constare

262 1906 387 1972 videtur
408 1908 442 1972 in
464 1907 584 1973 scholio
606 1908 648 1973 ad
672 1909 707 1974 Ο.
731 1908 764 1973 Ο.
785 1909 916 1974 01490
944 1905 996 1973 11οι
1024 1903 1043 1996 ἦ
1067 1915 1136 1996 ᾶρῖν
1158 1903 1230 1975 sat
1252 1915 1310 1998 τῆς
1335 1917 1365 1978 οἳ

262 2002 466 2092 ἅντιονομίοις
494 2014 599 2076 κεῖται
627 2013 724 2078 verba
754 2007 792 2076 τὸ
823 2017 861 2075 Χ
887 2011 1078 2092 excidisse,
1100 2012 1138 2078 01.
1164 2012 1198 2078 Ο.
1223 2012 1255 2076 (l.
1283 2013 1365 2078 1140

263 2110 361 2176 001001.
384 2111 427 2176 ad
440 2112 548 2194 Eurip.
564 2113 646 2178 Med.
662 2137 690 2178 0.
707 2115 748 2178 33
770 2117 814 2194 Ρ,·
835 2115 882 2177 110
903 2118 939 2177 01
960 2115 1127 2179 verisimile
1149 2120 1197 2180 est
1218 2115 1252 2178 in
1273 2116 1364 2182 scho-

262 2213 305 2278 lio
333 2213 376 2277 ad
402 2212 518 2278 Electr.
547 2237 575 2278 0.
598 2215 677 2280 6820
717 2209 810 2280 otium
840 2205 878 2302 ἦν
910 2211 968 2278 ἐπὶ
994 2207 1144 2300 Ὀρέστου
1171 2209 1365 2295 arrestata

262 2306 357 2399 ἅγιόν,
382 2314 551 2381 01111οο10.
574 2339 603 2381 0.
614 2317 674 2394 49:
696 2320 767 2395 τοῖς
786 2312 914 2402 χρόνοις
936 2309 1071 2404 ἀνῆκται
1094 2319 1248 2383 excidisse
1267 2321 1364 2402 verba

261 2412 300 2481 τὸ
316 2421 353 2482 Χ
364 2411 425 2498 ὅτι,
450 2423 575 2483 0000101
597 2420 680 2484 enim
703 2442 741 2485 ex
763 2419 861 2484 schol.
874 2417 916 2482 ad
930 2418 1152 2502 Aristophanis
1166 2420 1238 2484 Pac.
1255 2442 1283 2485 0.
1300 2422 1363 2486 990

261 2515 300 2583 τὸ
323 2524 360 2582 Χ
377 2513 429 2584 ὅτι
452 2513 490 2583 οὗ
513 2523 680 2608 συμφωνεῖ
702 2523 774 2599 τοῖς
792 2517 920 2607 χρόνοις
948 2521 1208 2586 anachronismos
1237 2544 1257 2586 0
1278 2529 1364 2588 0010-

261 2621 348 2686 011000
371 2622 585 2706 grammaticis
607 2622 668 2687 hoc
690 2624 780 2706 signo
801 2628 928 2687 notatos
951 2643 1026 2687 esse.
1071 2624 1246 2688 Aristarchi
1267 2626 1363 2708 igitur

260 2723 456 2808 aliorumque
478 2724 617 2789 virorum
639 2725 821 2791 criticorum
842 2726 1077 2790 commentariis
1098 2747 1174 2790 usus
1195 2732 1243 2797 est
1264 2727 1364 2812 Didy-

261 2848 340 2904 mus,
363 2826 401 2891 de
424 2827 512 2892 cuius
535 2826 646 2892 studiis
668 2827 850 2911 Sophocleis
874 2827 1053 2892 doctissime
1076 2829 1139 2911 egit
1159 2827 1363 2908 Schmidtius‚

260 2928 468 3012 probavitque
490 2928 660 3012 Didymum
683 2930 911 2995 conlectionem
933 2928 1173 3008 vocabulorum,
1196 2929 1309 3011 quibus
1323 2936 1364 2995 et

262 3029 374 3094 comici
397 3035 428 3096 et
448 3030 562 3113 tragici
582 3037 694 3113 poetae
718 3032 767 3094 usi
789 3033 868 3110 sint,
905 3031 1097 3110 instituisse,
1134 3036 1229 3114 atque
1251 3031 1361 3097 eadem

262 3131 458 3198 conlectione
481 3153 572 3196 usum
593 3154 661 3196 0000
683 3132 884 3216 Hesychium.
929 3134 1097 3199 Praeterea
1117 3139 1224 3198 autem
1239 3140 1364 3199 constat

262 3233 433 3318 Didymum
456 3235 618 3318 scripsisse
640 3234 851 3319 hypomnema
872 3236 905 3299 10
921 3235 1111 3318 Sophoclem
1133 3241 1229 3317 atque
1250 3240 1282 3300 01
1303 3235 1363 3300 1000

263 3339 295 3401 01
323 3334 378 3400 1110
410 3357 502 3418 opere
531 3359 622 3401 usum
644 3358 711 3401 esse
733 3336 926 3402 scholiorum
947 3336 1233 3401 Laurentianorum
1255 3343 1365 3403 aucto-

262 3458 354 3516 rem,
390 3437 436 3503 ita
463 3443 499 3504 ut
527 3439 707 3520 ubicunque
737 3438 860 3503 scholia
889 3460 960 3502 cum
984 3438 1133 3523 Hesychii
1156 3439 1365 3521 explicatione

263 3539 481 3619 consentiant,
512 3540 642 3605 dubium
665 3561 732 3604 esse
753 3561 818 3605 non
839 3540 956 3623 possit,
995 3541 1071 3622 quin
1093 3541 1173 3605 haec
1196 3541 1364 3624 explicatio

262 3641 323 3725 ipsi
353 3639 489 3725 Didymo
521 3644 563 3708 sit
597 3640 775 3706 tribuenda.
839 3642 954 3706 Novies
983 3646 1109 3706 tantum
1141 3641 1298 3726 Didymus
1331 3643 1364 3708 in

263 3742 392 3809 scholiis
413 3743 531 3808 nostris
553 3750 840 3824 commemoratur,
877 3766 953 3808 nam
974 3743 1016 3808 ad
1037 3742 1109 3807 illos
1137 3744 1249 3822 locos,
1285 3765 1365 3826 quos

263 3843 409 3910 Wolffius
431 3868 461 3929 p.
480 3846 519 3908 12
542 3845 642 3925 affert,
664 3867 749 3911 nunc
770 3847 892 3912 accedit
914 3845 1012 3910 schol.
1034 3844 1076 3908 ad
1098 3844 1185 3909 Aiac.
1207 3867 1236 3910 0.
1260 3845 1301 3909 83
1331 3847 1364 3910 in

264 3945 332 4010 cod.
349 3946 487 4014 Florent.
504 3947 552 4026 G,
575 3947 630 4012 sed
650 3948 802 4013 maiorem
824 3948 1015 4013 scholiorum
1037 3961 1202 4012 numerum
1224 3948 1365 4014 adhunc

265 4052 427 4114 auctorem
447 4050 644 4116 referendum
668 4071 735 4115 esse
756 4071 815 4134 pro
836 4056 922 4116 certo
943 4053 1077 4128 constat,
1098 4054 1194 4132 atque
1208 4049 1366 4114 assentior

262 4147 326 4214 illis
347 4148 526 4216 hominibus
555 4152 679 4232 doctis,
717 4153 772 4235 qui
800 4151 895 4216 verbo
923 4154 972 4236 τῷ
1000 4146 1211 4238 ὑπομνήματι
1242 4171 1365 4235 semper

334 4374 355 4444 ¹)
391 4375 426 4432 01.
443 4375 555 4444 Didymi
572 4377 728 4448 fragmenta
745 4395 771 4446 p.
786 4379 846 4432 263.
