3084 5124
817 467 857 529 38

288 655 350 720 tius
373 661 599 738 congruerent3
636 675 709 718 nam
739 655 764 718 si
788 659 963 719 statuamus
984 646 1078 730 ἴσους
1098 653 1195 717 fuisse
1218 652 1388 734 genuinam

288 731 481 836 lectionem:
503 778 568 821 non
590 756 798 839 intellegitur,
834 756 992 838 quomodo
1014 756 1093 820 haec
1115 776 1176 818 vox
1197 755 1231 819 in
1253 749 1389 831 τούτους

289 859 457 941 depravari
478 859 625 943 potuerit.
668 858 711 921 Et
732 879 925 939 quamquam
946 879 1010 920 non
1024 858 1204 940 negaverim
1217 849 1310 933 ἴσους
1330 857 1388 922 bo-

288 983 364 1024 num
386 961 537 1044 praebere
559 981 694 1037 sensum,
716 966 823 1024 tamen
844 955 978 1035 τούτους
992 959 1066 1022 huic
1082 959 1151 1023 loco
1166 959 1267 1023 multo
1281 959 1388 1048 aptius
1439 977 1445 988 ·

288 1062 420 1126 videtur.
471 1062 586 1139 Quales
616 1063 699 1126 enim
721 1056 751 1125 oi
778 1057 871 1142 νόμοι
894 1049 986 1124 οὗτοι
1008 1061 1085 1138 sint,
1114 1082 1170 1142 per
1192 1082 1225 1126 se
1247 1066 1336 1143 patet
1355 1067 1388 1125 et

288 1164 368 1228 bone
390 1186 410 1228 a
431 1165 604 1230 scholiasta
630 1163 806 1246 explicatur
827 1162 947 1226 verbis:
979 1158 1017 1225 τὸ
1049 1157 1202 1226 θάπτειν.
1247 1162 1387 1240 Accedit,

287 1265 373 1347 quod
394 1265 520 1330 Creonti
537 1267 760 1348 interroganti,
783 1286 839 1329 our
861 1264 992 1330 fratrem
1014 1265 1207 1347 sepeliverit,
1226 1265 1388 1348 Antigona

287 1366 367 1430 duas
389 1366 481 1432 affert
503 1389 629 1445 causas,
652 1368 786 1432 alteram
801 1367 885 1449 qnod
900 1368 999 1432 frater
1013 1368 1132 1446 fuisset,
1154 1367 1287 1432 alteram
1303 1367 1387 1449 quod

287 1471 336 1533 fas
351 1475 441 1547 esset,
456 1490 564 1534 omnes
578 1475 719 1548 mortuos
735 1469 869 1550 sepeliri,
886 1474 917 1534 et
928 1474 1095 1551 postquam
1108 1468 1210 1533 Creon
1221 1469 1387 1534 oblocutus

287 1576 345 1648 est,
358 1563 428 1633 ἀλλ’
441 1563 497 1650 οὐχ
509 1564 527 1633 ὁ
538 1567 674 1655 χρηστὸς
684 1575 730 1654 τῷ
742 1575 830 1655 κακῷ
841 1570 949 1650 λαχεῖν
960 1564 1041 1648 ἴσος,
1056 1591 1118 1652 quo
1131 1570 1288 1653 significat
1298 1570 1387 1634 nefas

288 1693 364 1749 esse,
380 1693 513 1754 pravum
528 1672 686 1736 hominem
702 1673 836 1754 sepeliri,
857 1673 1027 1755 respondet
1038 1673 1210 1755 Antigona:
1233 1673 1303 1754 quis
1319 1673 1388 1749 scit,

287 1795 363 1837 num
386 1774 464 1837 haec
485 1772 594 1838 inferis
610 1773 780 1854 placeant?
803 1795 884 1855 quae
899 1775 1060 1856 responsio
1076 1795 1140 1839 non
1155 1775 1234 1840 bene
1251 1773 1387 1857 quadrat

287 1875 329 1939 ad
349 1896 387 1939 ea
408 1896 489 1955 quae
511 1875 713 1957 praecedunt,
736 1877 762 1939 si
784 1871 901 1956 νόμους
921 1869 1013 1951 ἴσους
1035 1876 1166 1958 legimus
1187 1877 1222 1960 ¹).

309 2027 310 2030 ,
371 1977 445 2040 Ant.
468 1999 496 2039 v.
522 1977 604 2040 1270
626 1999 672 2059 pr.
695 1999 735 2040 m.
764 1973 857 2064 δίκην
886 1973 986 2056 ἰδεῖν,
1025 1977 1056 2042 S.
1079 1999 1126 2062 γρ.
1151 1973 1252 2058 ἔχειν,
1291 1997 1388 2058 quam

287 2080 421 2143 otiosam
443 2079 641 2161 grammatici
663 2079 876 2144 coniecturam
891 2086 976 2145 recte
990 2081 1150 2162 perspexit
1159 2078 1338 2144 Wunderus
1348 2081 1386 2163 ²),

288 2181 377 2270 sicut
390 2180 437 2243 Αἰ.
460 2203 488 2244 v.
514 2180 575 2243 115
596 2202 644 2262 pr.
667 2201 707 2244 m.
731 2169 839 2266 ὧνπερ
861 2178 988 2261 ἐννοεῖς,
1012 2181 1042 2246 S.
1065 2204 1112 2268 γρ.
1139 2179 1293 2258 ἐννέπεις.
1338 2181 1385 2244 Ai.

287 2304 314 2346 v.
337 2281 401 2345 594
428 2304 476 2364 pr.
499 2303 539 2346 m.
564 2282 670 2359 δοκεῖς
692 2286 839 2368 φρονεῖν,
876 2284 906 2349 S.
928 2306 974 2368 γρ.
999 2282 1112 2368 λέγειν.
1157 2284 1195 2347 ln
1221 2283 1307 2347 hunc
1329 2304 1387 2346 nu-

287 2405 407 2448 merum
430 2405 526 2466 porro
548 2385 683 2448 referam
705 2385 752 2448 Αἰ.
775 2408 803 2448 v.
827 2386 889 2448 689
918 2408 965 2468 pr.
986 2408 1028 2450 m.
1051 2381 1141 2467 ὑμῶν
1163 2381 1248 2466 ἅμα,
1285 2384 1315 2449 S.
1338 2406 1386 2469 γρ.

287 2479 471 2569 ὑπέρμεγα,
512 2485 551 2549 de
580 2507 645 2567 qua
676 2493 826 2568 corrupta
856 2487 989 2552 lectione
1023 2488 1202 2552 doctissime
1238 2485 1386 2550 disseruit

290 2585 464 2650 Wunderus
477 2588 518 2668 3),
541 2587 661 2650 dicens:
685 2593 846 2665 „extrema
864 2589 961 2653 verba
982 2585 1058 2671 ὑμῖν
1073 2585 1141 2670 ἅμα
1158 2588 1274 2670 duplici
1294 2587 1388 2652 modo

287 2688 388 2770 accipi
408 2709 500 2770 posse
522 2689 910 2772 interpret1ridebantur,
935 2697 991 2754 aut
1012 2693 1058 2755 ita
1080 2696 1116 2755 ut
1137 2685 1205 2771 ἅμα
1227 2691 1388 2773 praeposi·

286 2789 381 2854 tionis
396 2789 466 2854 loco
483 2797 573 2867 esset,
596 2790 776 2874 significans
799 2786 891 2873 ὑμῶν
913 2790 1005 2873 μέτα,
1028 2798 1084 2856 aut
1099 2793 1143 2856 sic
1158 2798 1194 2857 ut
1209 2786 1285 2872 ὑμῖν
1306 2797 1388 2855 esset

288 2885 370 2973 ὑπὲρ
393 2885 490 2973 ὑμῶν.
524 2892 635 2973 Itaque
657 2893 852 2975 adscriptum
874 2902 922 2959 est
942 2891 1027 2980 ὑπέρ
1042 2902 1073 2959 et
1088 2893 1182 2976 μέτα,
1205 2893 1290 2975 quod
1313 2914 1388 2956 con-

286 2993 428 3055 iunctum
449 2994 577 3056 transiit
597 2993 631 3056 in
652 2989 852 3079 dne‘ppsyof‘
889 2995 1008 3060 Contra
1029 2997 1108 3061 haec
1124 3001 1229 3060 autem
1251 2997 1387 3077 primum

291 3092 461 3158 dicendum
484 3099 542 3171 est,
564 3094 597 3156 in
619 3095 714 3159 Laur.
738 3102 769 3160 et
790 3096 948 3178 plerisque
971 3098 1040 3162 aliis
1063 3098 1225 3163 codicibus
1246 3120 1311 3163 non
1334 3119 1389 3161 ex-

288 3200 372 3259 stare
394 3189 486 3276 ὑμῖν,
511 3195 567 3259 sed
587 3189 694 3277 ὑμῶν,
718 3218 820 3280 neque
840 3200 906 3263 veri
929 3200 1028 3263 simile
1050 3221 1117 3263 esse
1137 3201 1388 3283 grammaticum,

289 3296 315 3359 si
337 3297 433 3362 talem
455 3297 612 3378 duplicem
634 3299 816 3381 explicandi
837 3302 920 3365 viam
942 3309 1095 3365 annotare
1123 3302 1292 3379 voluisset,
1328 3300 1389 3364 hoo

288 3397 495 3464 nudisverbis
516 3393 600 3482 ὑπὲρ
614 3397 698 3482 μέσον
719 3402 838 3479 fecisse,
863 3403 948 3484 quod
969 3409 1121 3484 quantum
1145 3403 1291 3485 equidem
1313 3402 1389 3479 scio,

288 3523 444 3583 nusquam
466 3501 544 3565 alibi
571 3504 737 3567 invenitur.
774 3504 887 3568 Verum
909 3505 986 3568 mihi
1007 3505 1115 3570 videor
1136 3506 1301 3581 invenisse,
1323 3509 1390 3567 sta·

288 3608 389 3680 tuens,
411 3606 651 3685 grammaticum
673 3607 827 3687 reperisse
849 3607 962 3670 falsam
985 3607 1151 3671 lectionem
1173 3601 1263 3688 ὑμῶν
1279 3601 1346 3686 ἅμα
1357 3609 1390 3668 et

288 3727 360 3769 cum
383 3704 590 3787 intellegeret,
613 3707 673 3770 hoo
701 3707 764 3770 dici
786 3729 851 3770 non
873 3728 982 3789 posse,
1019 3709 1275 3791 superscripsisse
1296 3701 1389 3786 ὑμῶν

289 3805 386 3888 μέτα,
411 3828 492 3888 quae
515 3809 671 3872 sententia
693 3828 729 3872 eo
751 3807 971 3887 confirmatur,
1001 3810 1087 3892 qnod
1108 3811 1142 3873 in
1163 3810 1258 3874 Laur.
1281 3807 1312 3872 b.
1335 3829 1390 3872 ex-

341 4091 344 4100 *
363 4080 383 4142 1)
410 4079 547 4144 Quantum
565 4077 692 4146 equidem
706 4077 770 4146 scio,
784 4083 893 4132 tantum
905 4079 1079 4132 Hermannus
1092 4084 1120 4132 et
1133 4079 1272 4133 Nauekius
1291 4079 1388 4148 (Jahns

290 4167 407 4220 Jahrbb.
429 4167 503 4233 1852,
523 4183 549 4234 p.
564 4165 625 4232 244)
643 4165 746 4218 codicis
765 4165 930 4234 scripturam
950 4183 1059 4220 servare
1080 4167 1254 4220 studuerunt.

362 4253 384 4319 ἴ)
420 4253 455 4306 de
474 4253 559 4306 schol.
577 4256 648 4306 auct.
667 4271 693 4321 p.
714 4253 754 4304 23.

362 4340 384 4407 ³)
420 4339 438 4392 l.
458 4339 475 4390 l.
494 4356 521 4406 p.
541 4340 583 4392 30.
