3084 5124
803 437 846 500 44

276 625 429 706 quaestio,
451 629 558 688 utrum
581 624 611 688 S.
633 624 736 688 varias
758 644 831 688 suas
853 623 1001 706 lectiones
1024 645 1062 686 ex
1083 624 1255 707 archetypo
1278 625 1371 690 Lanr.

276 747 318 790 an
340 749 379 792 ex
401 725 463 790 alio
486 725 593 790 codice
616 727 770 790 sumserit.
813 725 915 789 Priori
936 725 1111 790 sententiae
1126 746 1222 806 quam
1236 726 1373 808 plurima

275 829 404 894 obstant
425 833 621 910 argumenta.

360 955 499 1020 Primum
528 955 627 1033 illud,
665 957 749 1038 quod
778 957 807 1022 S.
833 957 953 1023 scholia
981 957 1014 1020 in
1035 956 1177 1038 margine
1199 956 1292 1020 Laur.
1316 956 1372 1019 ad-

277 1057 410 1138 scripsit,
434 1079 514 1140 quae
536 1058 563 1122 si
584 1058 617 1122 in
639 1059 810 1142 archetypo
832 1060 974 1138 fuissent,
997 1059 1168 1123 certissime
1190 1080 1209 1121 a
1231 1058 1372 1135 librario,

276 1159 331 1241 qui
350 1164 473 1224 textum
495 1161 645 1238 exaravit,
667 1182 731 1225 non
753 1161 975 1244 praetermissa
991 1165 1111 1237 essent3
1134 1159 1264 1237 accedit,
1288 1161 1371 1243 quod

276 1259 306 1325 S.
329 1262 498 1326 nonnullos
519 1284 627 1326 versus
649 1263 780 1340 addidit,
802 1285 881 1345 quos
903 1264 1023 1345 primus
1046 1262 1193 1326 librarius
1209 1267 1293 1326 certe
1308 1283 1372 1327 non

275 1362 439 1441 omisisset,
462 1364 488 1428 si
509 1365 543 1428 in
564 1365 736 1448 archetypo
759 1366 905 1442 fuissent3
929 1369 1053 1430 constat
1067 1365 1150 1428 enim
1164 1364 1264 1441 illurn,
1285 1372 1372 1446 post·

275 1485 371 1546 quam
407 1466 546 1530 codicem
576 1466 760 1549 descripsit,
801 1469 916 1532 iterimr
950 1466 1155 1550 archetypum
1192 1467 1372 1546 contulisse,

274 1568 428 1632 nonnulla
449 1569 527 1632 vitia
548 1568 705 1633 scribendi
727 1569 908 1645 correxisse,
931 1568 1038 1633 decem
1061 1572 1092 1632 ot
1116 1574 1235 1650 septem
1255 1591 1372 1647 versus,

275 1690 354 1751 quos
377 1669 544 1747 omiserat,
581 1669 784 1752 adscripsisse
805 1672 839 1734 in
861 1671 1011 1752 margine.
1057 1668 1135 1734 Cum
1156 1670 1252 1751 igitur
1274 1691 1372 1754 appa-

274 1777 362 1849 reat,
400 1791 549 1854 magnam
578 1793 686 1835 curam
709 1793 729 1834 a
750 1773 852 1854 primo
874 1772 1004 1836 librario
1025 1772 1059 1835 in
1081 1771 1242 1836 exarando
1264 1772 1372 1838 codice

244 1873 451 1938 adhibitam
481 1894 568 1951 esse,
605 1895 669 1937 non
696 1875 762 1938 veri
792 1874 892 1938 simile
914 1873 991 1938 mihi
1012 1873 1097 1939 videt
1083 1878 1158 1950 tur,
1194 1873 1319 1938 illumt
1305 1879 1371 1938 tam

274 1975 442 2039 multat
396 1997 428 2038 vr
428 1976 474 2038 tia
494 1975 755 2058 neglexisse,to
736 1982 898 2040 otversus
920 1975 1139 2058 praeteriisse,
1162 1996 1257 2056 quam
1279 1976 1370 2040 abS.

274 2082 431 2142 annotant
431 2099 478 2141 ur.
521 2076 728 2142 Inveniuntur
756 2079 890 2158 denique
918 2077 1063 2142 nonnulli
1094 2075 1171 2154 loci,
1203 2078 1237 2140 in
1259 2077 1373 2160 quibus

274 2184 427 2260 uterque,
462 2185 493 2242 ct
521 2181 640 2262 primus
662 2179 865 2245 librariuset
888 2179 997 2244 St
941 2184 997 2243 aut
1016 2179 1062 2242 vit
1063 2179 1127 2242 ium
1150 2179 1280 2260 aliquod
1303 2201 1372 2244 cor-

224 2358 227 2364 ,
274 2288 439 2360 rexerunt,
470 2287 526 2346 aut
549 2287 689 2347 correcto
712 2304 732 2346 a
753 2303 800 2365 pr.
823 2303 863 2345 m.
886 2280 963 2345 vitio
985 2281 1104 2345 variam
1127 2281 1294 2348 lectionem
1315 2283 1373 2347 ad-

274 2384 401 2467 scripsit
422 2383 468 2461 S.,
491 2383 575 2465 quod
597 2397 636 2448 ex
658 2384 718 2448 hoc
740 2383 885 2467 apposito
908 2383 1071 2447 schemata
1093 2388 1242 2466 apparet:

359 2516 394 2580 0.
419 2515 451 2579 Ο.
475 2539 503 2580 ι.
530 2516 589 2580 195
619 2539 665 2598 pr.
689 2539 729 2580 m.
760 2507 780 2603 ἦ
806 2509 910 2595 'aad
950 2540 1031 2583 corr.
1054 2540 1101 2601 pr.
1124 2540 1165 2581 m.
1189 2511 1305 2603 ἦσθιῦς
1341 2518 1372 2584 S.

401 2641 447 2703 γρ.
471 2612 570 2705 ἦστιῦ.

362 2722 435 2786 Ant.
413 2728 486 2786 ι.ι
509 2721 571 2784 339
594 2743 641 2804 pr.
664 2743 704 2784 m.
728 2713 950 2802 ἆιιλωμένων,
987 2741 1066 2784 οοιι.
1089 2741 1136 2803 pr.
1159 2741 1200 2784 m.
1223 2712 1373 2801 ἆπλομέ-

341 2857 345 2865 ·
403 2845 483 2902 νων,·
503 2823 534 2887 S.
557 2845 603 2907 γρ.
625 2816 812 2904 ἰλλομένων.

360 2925 433 2988 Ant.
456 2949 484 2988 v.
506 2925 569 2989 429
592 2947 639 3007 pr
661 2947 702 2988 ιιι.
725 2919 996 3008 δίψανέκφέρει,
1030 2944 1179 3005 compr.
1202 2945 1243 2986 m.
1267 2873 1373 3008 diddo

403 3023 550 3111 ἐκφέρεις
573 3026 603 3090 S.
625 3046 672 3109 γρ.
695 3021 813 3110 διψίαν
835 3024 936 3111 φέρει.

360 3127 433 3190 Ant.
411 3132 484 3190 ιι.
507 3126 569 3190 688
593 3149 640 3209 pr.
662 3148 703 3189 m.
728 3130 802 3204 σοῦ,
827 3148 907 3190 corr.
930 3149 977 3210 pr.
1000 3149 1041 3190 m.
1065 3121 1136 3204 ool,-
1158 3126 1189 3190 S.
1211 3125 1251 3191 oi·
1274 3121 1362 3191 δ”
1324 3152 1371 3192 ov.

359 3227 409 3293 Tr.
431 3252 459 3292 ι.
485 3228 567 3292 1183
596 3250 643 3310 pr.
665 3250 706 3290 m.
733 3222 937 3315 ἅπιστήσηςι
977 3249 1057 3292 corr.
1085 3249 1132 3309 pr.
1159 3250 1199 3292 m.
1227 3222 1373 3316 αἰιιστή-

403 3350 488 3410 σεις,·
510 3331 541 3397 S.
564 3352 610 3415 γρ.
635 3324 833 3416 προσιήσης.

360 3433 396 3497 Ο.
419 3433 455 3496 R.
476 3455 504 3497 ι.
528 3432 591 3496 510
613 3455 660 3516 pr.
683 3455 723 3496 m.
747 3425 785 3510 δ’,
811 3449 891 3496 corr.
916 3452 962 3512 pr.
986 3453 1026 3494 m.
1048 3453 1085 3494 τε
1106 3431 1157 3496 vel
1178 3453 1229 3514 γε,·
1252 3433 1282 3497 S.
1306 3427 1350 3496 θ’.

359 3534 394 3598 Ο.
418 3535 454 3598 R.
477 3558 505 3599 ι.
529 3535 591 3599 676
615 3557 662 3617 pr.
684 3557 725 3598 m.
748 3525 975 3615 ocaopp'ilxor,
1000 3553 1079 3597 corr.
1103 3555 1150 3616 pr.
1172 3556 1214 3598 ιιι.
1237 3527 1295 3598 οὐκ
1317 3525 1374 3599 οὖν

402 3627 543 3717 μ’ἑᾶσει,·
564 3637 595 3701 ὃ.
618 3630 769 3718 μ’ἒάσεις.

359 3739 395 3803 0.
420 3737 453 3802 Ο.
475 3761 503 3802 ι.
527 3737 589 3800 336
611 3760 658 3819 pr.
681 3759 722 3801 ιιι.
745 3735 853 3814 δεινὰς
875 3733 1023 3818 ἐκείνοις,
1047 3759 1127 3804 corr.
1150 3761 1197 3820 pr.
1220 3760 1261 3801 m.
1284 3734 1375 3802 δεινὰ

404 3834 519 3920 δ’ἐκεῖς
541 3839 570 3905 S.
594 3834 683 3903 davd
705 3833 771 3903 δ’ἒν
792 3835 919 3916 κείνοις.

359 3943 433 4008 Αιιι.
456 3967 483 4007 ι.
506 3942 570 4006 529
592 3963 639 4024 pr.
662 3965 703 4006 m.
727 3934 959 4024 οὕτουυνέχειν,
984 3963 1063 4006 οοιι.
1086 3963 1133 4024 pr.
1156 3962 1197 4004 m.
1221 3933 1374 4004 οὕτονυν-

403 4042 531 4124 έχθειν,·
552 4044 583 4110 S.
607 4036 698 4108 olivet
720 4040 899 4126 συνέχθειν.

359 4200 416 4265 His
437 4201 534 4284 igitur
556 4201 595 4266 de
618 4201 722 4266 causis
743 4222 808 4266 non
829 4207 906 4284 puto
928 4201 958 4266 S.
976 4201 1149 4284 archetypo
1165 4200 1259 4265 Laur.
1283 4221 1375 4264 usum

276 4323 362 4382 esse,
399 4303 453 4368 sed
483 4303 639 4368 assentior
661 4302 819 4382 Nauokio,
847 4305 902 4386 qui
924 4309 1031 4368 censet
1052 4303 1082 4369 S.
1106 4324 1144 4367 ex
1166 4302 1231 4366 alio
1257 4302 1374 4378 codice,
