3084 5124
688 451 728 513 39

158 643 222 702 stat
251 657 298 722 γρ.
329 633 421 717 μέτα.
479 635 557 700 Cum
584 643 690 701 autem
719 643 829 719 postca
857 633 941 717 μέτα
974 659 1080 704 errore
1110 641 1144 704 in
1174 639 1257 724 μέγα

157 740 353 817 transiisset,
390 738 483 802 facile
510 737 658 804 librarius
682 760 745 802 non
768 740 931 822 perspicue
954 743 1106 823 scriptum
1127 743 1257 808 verbum

157 838 247 923 ὗμιῦν
269 842 302 904 in
325 835 410 924 ὑπέρ
433 846 554 905 mutare
577 841 690 923 potuit,
713 863 786 905 crnn
807 836 975 926 ὑπέρμεγα
996 844 1024 906 ei
1039 850 1149 908 notum
1165 851 1255 922 esset,

158 967 222 1010 non
244 949 351 1008 autem
371 937 462 1023 ὑμῶν
482 940 573 1025 μέγα.
617 944 721 1024 Atque
751 944 835 1008 hanc
863 950 1046 1027 corruptam
1069 947 1258 1028 scripturam

159 1047 278 1112 invenit
300 1051 395 1126 atque
417 1044 585 1126 adscripsit
606 1045 636 1109 S.

245 1147 324 1211 Phil.
346 1169 375 1211 r.
400 1145 482 1209 1052
504 1167 551 1228 pr.
574 1169 613 1210 m.
635 1139 776 1230 χρῄζων,
811 1166 857 1230 γρ.
880 1142 1055 1232 κρείσσων,-
1091 1150 1130 1214 cf.
1153 1149 1257 1216 Wolff.

158 1273 188 1333 p.
212 1249 283 1314 227.

245 1351 357 1415 Elui
375 1373 422 1432 pr.
431 1373 472 1414 m.
486 1344 774 1435 στρατηγήσαντος,
792 1350 822 1414 S.
831 1372 877 1435 γρ.
894 1348 1156 1438 τυραννήσαντος,
1173 1355 1259 1436 quod

160 1454 248 1517 nullo
270 1454 337 1518 iure
359 1452 537 1516 Wunderus
559 1452 707 1532 praefert,
729 1450 917 1516 etWolffius
939 1474 977 1516 ex
999 1454 1186 1536 glossemate
1208 1478 1259 1520 or-

159 1561 228 1620 tum
250 1577 316 1620 esse
340 1559 447 1638 putat,
474 1554 524 1618 cui
546 1574 611 1616 non
633 1554 805 1628 assentior3
831 1575 906 1618 nam
927 1553 1096 1621 falsissima
1117 1564 1149 1622 et
1171 1559 1259 1641 inep·

159 1658 281 1721 tissima
302 1663 384 1721 essct
404 1656 435 1718 h.
459 1655 479 1718 l.
502 1655 723 1736 interpretatio
745 1654 833 1719 verbi
855 1660 1045 1742 στρατηγεῖν
1066 1680 1123 1741 per
1143 1683 1258 1743 τυραν-

159 1762 242 1838 νεῖν,Ι
265 1760 382 1841 optime
404 1762 508 1821 autem
520 1757 713 1840 Byzantinus
735 1759 962 1839 grammaticus
978 1781 1083 1824 secum
1097 1769 1258 1845 reputans,

160 1862 426 1944 Agamemnonem
453 1881 517 1922 non
538 1863 665 1922 tantum
688 1859 809 1936 ducem,
834 1859 889 1923 sed
912 1861 1005 1924 etiam
1027 1883 1132 1944 regern
1154 1864 1259 1941 fuisse,

160 1965 303 2028 conicere
324 1961 427 2043 potuit
449 1959 650 2024 scribendum
671 1981 738 2024 esse
759 1957 1023 2048 τυραννήσαντος.

245 2064 292 2128 El.
315 2086 344 2126 v.
367 2062 428 2125 591
450 2084 497 2143 pr.
521 2084 562 2125 m.
586 2055 794 2144 ἐπαινέσαιμ’
817 2055 869 2142 dv,
899 2063 929 2128 S.
954 2085 1001 2149 γρ.
1026 2062 1258 2146 ἑπαινέσωμεν,

159 2173 255 2249 atque
277 2166 360 2230 hanc
382 2165 549 2229 lectionem
583 2165 735 2247 praetulit
757 2165 946 2243 Wunderus,
978 2188 1111 2249 eumque
1134 2175 1259 2232 secutus

160 2275 208 2333 est
229 2266 391 2331 Wolffius:
430 2266 469 2328 de
492 2265 590 2330 schol.
613 2287 642 2348 p.
667 2265 725 2344 353
757 2267 790 2330 in
812 2267 949 2332 editione
971 2269 1191 2340 autem.huius
1214 2271 1261 2334 fa·

159 2369 252 2434 hulae
278 2369 359 2432 1863
381 2389 460 2445 eam,
483 2389 578 2449 quam
599 2369 704 2432 textus
727 2368 833 2446 habet,
857 2370 1029 2436 lectionem
1043 2372 1188 2450 retinuit,
1210 2395 1260 2437 re-

160 2471 358 2552 ctissimeque
388 2470 427 2534 de
457 2471 575 2552 origine
605 2470 735 2534 alterins
766 2470 940 2552 scripturae
965 2473 1104 2548 iudicat,
1142 2472 1260 2551 dicens,

98 2631 102 2638 .
160 2573 400 2655 grammaticum
432 2579 562 2654 propter
595 2578 777 2654 sequentem
814 2578 1079 2656 κακοστομοῦμεν
1116 2574 1158 2657 (v.
1181 2575 1259 2655 597)

160 2677 255 2740 etiam
275 2676 306 2739 h.
331 2675 351 2738 l.
374 2675 531 2758 pluralem
551 2695 717 2739 numerum
740 2674 941 2739 desiderasse.

245 2777 293 2842 El.
307 2801 335 2842 r.
352 2778 415 2840 915
437 2798 485 2859 pr.
509 2799 549 2840 m.
572 2781 677 2839 ταῦτα
698 2772 886 2858 τάπιτίμια,
912 2777 942 2841 S.
959 2799 1005 2861 γρ.
1021 2771 1258 2860 τᾶγλαΐσματα,

161 2901 241 2962 quae
264 2881 436 2944 certissime
459 2885 593 2943 nonest
616 2879 703 2942 varia
726 2878 839 2955 lecti0;
874 2899 947 2942 nam
974 2872 1202 2963 τᾶγλαΐσματα
1228 2882 1261 2944 iu

160 2975 339 3063 τάπιτίμια
362 2983 521 3064 corrumpi
546 3002 608 3044 non
630 2981 747 3063 potuit,
781 3002 879 3062 quare
901 3001 965 3043 non
987 2982 1143 3046 assentior
1164 2982 1261 3066 Berg-

160 3083 229 3161 ine,
261 3085 315 3165 qui
336 3083 417 3147 illud
439 3086 471 3148 in
493 3089 615 3148 textum
638 3084 773 3165 recepit3
809 3082 990 3146 coniectura
1011 3084 1115 3165 potius
1137 3084 1262 3148 videtur

159 3186 358 3268 grammatici
390 3187 424 3249 in
452 3209 528 3250 voce
559 3180 712 3267 ἐπιτίμια
740 3183 899 3247 haerentis
928 3205 966 3248 ex
993 3208 1020 3249 v.
1044 3185 1106 3249 908
1136 3187 1260 3264 hausta,

160 3293 215 3351 aut
237 3289 403 3351 annotatio
426 3287 625 3363 scholiastae,
648 3286 703 3366 qui
726 3284 876 3348 lectorem
898 3305 1025 3350 monere
1047 3287 1156 3365 voluit,
1177 3289 1260 3353 idem

160 3397 254 3454 antea
276 3411 295 3453 a
317 3395 411 3472 poeta
433 3382 640 3471 ἅγλαῖσματα
662 3387 781 3450 dictum
797 3407 872 3450 esse.
916 3385 1036 3451 Contra
1050 3388 1259 3465 Dindorfium‚

160 3493 223 3573 qui,
245 3513 368 3573 negans
392 3487 544 3571 ἐπιτίμια
567 3489 745 3573 significare
767 3510 824 3566 ea,
861 3509 942 3570 quae
973 3490 1007 3553 in
1028 3490 1181 3554 honorem
1202 3489 1261 3554 ali·

159 3593 248 3657 cuius
263 3592 352 3670 fiant,
375 3593 469 3657 scribi
484 3593 552 3656 vult
566 3585 783 3673 τάπιτύμβια,
805 3591 920 3672 optime
936 3590 1107 3673 disputavit
1114 3589 1259 3656 Wolffius

159 3719 188 3779 p.
213 3697 281 3759 121.

246 3797 307 3861 Sed
337 3797 489 3862 hactenus
521 3796 559 3860 de
591 3795 679 3860 falsis
708 3795 895 3860 lectionibus
929 3803 961 3861 et
992 3795 1030 3859 de
1061 3795 1258 3872 coniecturis,

159 3922 243 3964 nunc
275 3900 316 3964 ad
350 3921 422 3978 eas,
459 3920 539 3981 quae
571 3898 688 3963 codicis
722 3897 885 3979 scripturis
920 3897 1144 3980 praeferendae
1176 3903 1259 3974 sunt,

157 4003 326 4066 transitum
348 4000 438 4065 nobis
459 4022 616 4082 paramus.

245 4103 301 4166 Ph.
312 4125 340 4165 v.
353 4102 426 4180 426,
449 4103 504 4167 ubi
518 4126 538 4167 a
552 4125 599 4185 pr.
615 4125 656 4166 m.
672 4103 787 4185 legitur
802 4095 892 4182 οἴμοι
909 4095 960 4166 δι”
975 4093 1080 4177 αὕτως
1095 4095 1171 4165 δείν’
1187 4097 1258 4166 ite-

160 4206 224 4285 ξας,
249 4206 279 4269 S.
292 4225 338 4288 γρ.
352 4197 443 4285 οἴμοι
465 4197 516 4268 δύ’
539 4199 627 4268 αὕτα)
651 4199 680 4268 d'
702 4201 868 4283 ἕξέδειξας,
892 4225 972 4286 quae
995 4204 1152 4286 scriptura
1173 4205 1258 4267 omni

159 4329 253 4373 sensu
275 4327 388 4371 carens
410 4307 581 4372 certissime
604 4327 668 4370 non
690 4327 729 4370 ex
751 4306 932 4371 coniectura
947 4311 1017 4371 orta
1033 4313 1089 4370 est.
1133 4305 1258 4387 Optime
