<?xml version="1.0" encoding="UTF-8"?>
<!DOCTYPE html PUBLIC "-//W3C//DTD XHTML 1.0 Transitional//EN"
    "http://www.w3.org/TR/xhtml1/DTD/xhtml1-transitional.dtd">
<html xmlns="http://www.w3.org/1999/xhtml" xml:lang="en" lang="en">
 <head>
  <title>
</title>
<meta http-equiv="Content-Type" content="text/html;charset=utf-8" />
  <meta name='ocr-system' content='tesseract 3.04.00' />
  <meta name='ocr-capabilities' content='ocr_page ocr_carea ocr_par ocr_line ocrx_word'/>
</head>
<body>
  <div class='ocr_page' id='page_1' title='image "./descholiorumlau00paulgoog_0039.png"; bbox 0 0 3084 5124; ppageno 0'>
   <div class='ocr_carea' id='block_1_1' title="bbox 815 435 861 498">
    <p class='ocr_par' dir='ltr' id='par_1_1' title="bbox 815 435 861 498">
     <span class='ocr_line' id='line_1_1' title="bbox 815 435 861 498; baseline -0.022 0"><span class='ocrx_word' id='word_1_1' title='bbox 815 435 861 498; x_wconf 77' lang='lat'>34.</span> 
     </span>
    </p>
   </div>
   <div class='ocr_carea' id='block_1_2' title="bbox 286 613 1394 4372">
    <p class='ocr_par' dir='ltr' id='par_1_2' title="bbox 286 613 1386 909">
     <span class='ocr_line' id='line_1_2' title="bbox 286 613 1386 708; baseline -0.005 -21"><span class='ocrx_word' id='word_1_2' title='bbox 286 645 315 687; x_wconf 87' lang='lat' dir='ltr'>v.</span> <span class='ocrx_word' id='word_1_3' title='bbox 341 623 438 687; x_wconf 84' lang='lat'>1019:</span> <span class='ocrx_word' id='word_1_4' title='bbox 472 615 542 687; x_wconf 78' lang='grc' dir='ltr'><strong><em>ἄλλ’</em></strong></span> <span class='ocrx_word' id='word_1_5' title='bbox 565 616 727 706; x_wconf 77' lang='grc' dir='ltr'><strong><em>αὐτόχειρί</em></strong></span> <span class='ocrx_word' id='word_1_6' title='bbox 746 643 805 703; x_wconf 89' lang='grc' dir='ltr'>μοι</span> <span class='ocrx_word' id='word_1_7' title='bbox 825 616 908 708; x_wconf 76' lang='grc' dir='ltr'><strong><em>μόνῃ</em></strong></span> <span class='ocrx_word' id='word_1_8' title='bbox 930 643 966 684; x_wconf 80' lang='grc' dir='ltr'>τε</span> <span class='ocrx_word' id='word_1_9' title='bbox 988 618 1144 703; x_wconf 76' lang='grc' dir='ltr'><strong><em>δραστέον</em></strong></span> <span class='ocrx_word' id='word_1_10' title='bbox 1166 643 1212 706; x_wconf 78' lang='grc' dir='ltr'>γρ.</span> <span class='ocrx_word' id='word_1_11' title='bbox 1235 613 1306 683; x_wconf 73' lang='grc' dir='ltr'>ἀλλ’</span> <span class='ocrx_word' id='word_1_12' title='bbox 1328 613 1386 683; x_wconf 79' lang='grc' dir='ltr'><strong><em>αι’-</em></strong></span> 
     </span>
     <span class='ocr_line' id='line_1_3' title="bbox 288 715 1385 811; baseline -0.005 -21"><span class='ocrx_word' id='word_1_13' title='bbox 288 724 342 790; x_wconf 83' lang='grc' dir='ltr'>δέν</span> <span class='ocrx_word' id='word_1_14' title='bbox 363 715 465 811; x_wconf 83' lang='grc' dir='ltr'><strong><em>ἧσσόν</em></strong></span> <span class='ocrx_word' id='word_1_15' title='bbox 487 748 563 807; x_wconf 87' lang='grc' dir='ltr'><strong><em>μοι,</em></strong></span> <span class='ocrx_word' id='word_1_16' title='bbox 602 746 665 806; x_wconf 88' lang='lat' dir='ltr'>quo</span> <span class='ocrx_word' id='word_1_17' title='bbox 688 745 815 788; x_wconf 88' lang='lat' dir='ltr'>monere</span> <span class='ocrx_word' id='word_1_18' title='bbox 836 723 936 788; x_wconf 85' lang='lat' dir='ltr'>voluit</span> <span class='ocrx_word' id='word_1_19' title='bbox 957 723 1129 788; x_wconf 79' lang='lat' dir='ltr'><strong>scholiasta</strong></span> <span class='ocrx_word' id='word_1_20' title='bbox 1150 723 1300 788; x_wconf 86' lang='lat' dir='ltr'>lectorem</span> <span class='ocrx_word' id='word_1_21' title='bbox 1322 723 1385 786; x_wconf 91' lang='lat' dir='ltr'>loci</span> 
     </span>
     <span class='ocr_line' id='line_1_4' title="bbox 287 824 1244 909; baseline -0.004 -17"><span class='ocrx_word' id='word_1_22' title='bbox 287 827 429 906; x_wconf 87' lang='lat' dir='ltr'>alieuius,</span> <span class='ocrx_word' id='word_1_23' title='bbox 451 849 514 909; x_wconf 91' lang='lat' dir='ltr'>quo</span> <span class='ocrx_word' id='word_1_24' title='bbox 537 827 647 891; x_wconf 90' lang='lat' dir='ltr'>similis</span> <span class='ocrx_word' id='word_1_25' title='bbox 670 827 824 891; x_wconf 87' lang='lat' dir='ltr'>sententia</span> <span class='ocrx_word' id='word_1_26' title='bbox 847 847 867 890; x_wconf 91' lang='lat' dir='ltr'>a</span> <span class='ocrx_word' id='word_1_27' title='bbox 888 832 982 908; x_wconf 87' lang='lat' dir='ltr'>poeta</span> <span class='ocrx_word' id='word_1_28' title='bbox 1005 824 1131 908; x_wconf 88' lang='lat' dir='ltr'>prolata</span> <span class='ocrx_word' id='word_1_29' title='bbox 1155 831 1244 889; x_wconf 88' lang='lat' dir='ltr'>esset.</span> 
     </span>
    </p>

    <p class='ocr_par' dir='ltr' id='par_1_3' title="bbox 287 927 1387 1214">
     <span class='ocr_line' id='line_1_5' title="bbox 371 927 1387 1009; baseline -0.004 -17"><span class='ocrx_word' id='word_1_30' title='bbox 371 928 429 992; x_wconf 92' lang='lat' dir='ltr'>His</span> <span class='ocrx_word' id='word_1_31' title='bbox 451 929 605 992; x_wconf 76' lang='lat' dir='ltr'>absolutis</span> <span class='ocrx_word' id='word_1_32' title='bbox 626 929 710 992; x_wconf 89' lang='lat' dir='ltr'>viam</span> <span class='ocrx_word' id='word_1_33' title='bbox 730 928 822 992; x_wconf 88' lang='lat' dir='ltr'>nobis</span> <span class='ocrx_word' id='word_1_34' title='bbox 845 928 887 991; x_wconf 89' lang='lat' dir='ltr'>ad</span> <span class='ocrx_word' id='word_1_35' title='bbox 912 929 998 1009; x_wconf 89' lang='lat' dir='ltr'>ipsas</span> <span class='ocrx_word' id='word_1_36' title='bbox 1019 928 1123 992; x_wconf 86' lang='lat' dir='ltr'>varias</span> <span class='ocrx_word' id='word_1_37' title='bbox 1145 927 1297 991; x_wconf 88' lang='lat' dir='ltr'>lectiones</span> <span class='ocrx_word' id='word_1_38' title='bbox 1318 947 1387 988; x_wconf 90' lang='lat' dir='ltr'>mu-</span> 
     </span>
     <span class='ocr_line' id='line_1_6' title="bbox 287 1028 1386 1112; baseline -0.004 -18"><span class='ocrx_word' id='word_1_39' title='bbox 287 1031 433 1109; x_wconf 68' lang='lat' dir='ltr'>nivimus</span> <span class='ocrx_word' id='word_1_40' title='bbox 454 1035 549 1112; x_wconf 89' lang='lat' dir='ltr'>atque</span> <span class='ocrx_word' id='word_1_41' title='bbox 572 1030 708 1112; x_wconf 87' lang='lat' dir='ltr'>primum</span> <span class='ocrx_word' id='word_1_42' title='bbox 731 1029 769 1092; x_wconf 90' lang='lat' dir='ltr'>de</span> <span class='ocrx_word' id='word_1_43' title='bbox 791 1028 890 1107; x_wconf 81' lang='lat' dir='ltr'>falsie,</span> <span class='ocrx_word' id='word_1_44' title='bbox 912 1036 980 1093; x_wconf 87' lang='lat' dir='ltr'>tum</span> <span class='ocrx_word' id='word_1_45' title='bbox 1002 1029 1041 1093; x_wconf 91' lang='lat' dir='ltr'>de</span> <span class='ocrx_word' id='word_1_46' title='bbox 1055 1029 1118 1094; x_wconf 92' lang='lat' dir='ltr'>illis</span> <span class='ocrx_word' id='word_1_47' title='bbox 1134 1028 1301 1092; x_wconf 88' lang='lat' dir='ltr'>dicendum</span> <span class='ocrx_word' id='word_1_48' title='bbox 1317 1028 1386 1104; x_wconf 87' lang='lat' dir='ltr'>erit,</span> 
     </span>
     <span class='ocr_line' id='line_1_7' title="bbox 287 1103 1301 1214; baseline -0.003 -18"><span class='ocrx_word' id='word_1_49' title='bbox 287 1153 369 1214; x_wconf 87' lang='lat' dir='ltr'>quae</span> <span class='ocrx_word' id='word_1_50' title='bbox 391 1137 495 1196; x_wconf 86' lang='lat' dir='ltr'>textus</span> <span class='ocrx_word' id='word_1_51' title='bbox 517 1133 693 1213; x_wconf 78' lang='lat' dir='ltr'>scripturae</span> <span class='ocrx_word' id='word_1_52' title='bbox 713 1130 938 1213; x_wconf 79' lang='lat' dir='ltr'>praeferendae</span> <span class='ocrx_word' id='word_1_53' title='bbox 961 1137 1044 1196; x_wconf 86' lang='lat' dir='ltr'>sunt.</span> <span class='ocrx_word' id='word_1_54' title='bbox 1264 1103 1301 1176; x_wconf 63' lang='lat'>0</span> 
     </span>
    </p>

    <p class='ocr_par' dir='ltr' id='par_1_4' title="bbox 286 1232 1423 4372">
     <span class='ocr_line' id='line_1_8' title="bbox 372 1232 1385 1316; baseline 0 -20"><span class='ocrx_word' id='word_1_55' title='bbox 372 1233 501 1298; x_wconf 81' lang='lat' dir='ltr'><strong>Initium</strong></span> <span class='ocrx_word' id='word_1_56' title='bbox 511 1232 626 1296; x_wconf 86' lang='lat' dir='ltr'>faciam</span> <span class='ocrx_word' id='word_1_57' title='bbox 639 1254 709 1297; x_wconf 88' lang='lat' dir='ltr'>oum</span> <span class='ocrx_word' id='word_1_58' title='bbox 721 1232 756 1296; x_wconf 89' lang='lat'>0.</span> <span class='ocrx_word' id='word_1_59' title='bbox 768 1233 806 1296; x_wconf 88' lang='lat' dir='ltr'>R.</span> <span class='ocrx_word' id='word_1_60' title='bbox 819 1256 847 1297; x_wconf 87' lang='lat' dir='ltr'>v.</span> <span class='ocrx_word' id='word_1_61' title='bbox 862 1232 932 1311; x_wconf 81' lang='lat'>158,</span> <span class='ocrx_word' id='word_1_62' title='bbox 953 1233 1008 1297; x_wconf 91' lang='lat' dir='ltr'>ubi</span> <span class='ocrx_word' id='word_1_63' title='bbox 1020 1233 1060 1298; x_wconf 93' lang='lat' dir='ltr'>ab</span> <span class='ocrx_word' id='word_1_64' title='bbox 1071 1233 1101 1298; x_wconf 85' lang='lat' dir='ltr'>S.</span> <span class='ocrx_word' id='word_1_65' title='bbox 1114 1233 1308 1316; x_wconf 87' lang='lat' dir='ltr'>adscriptum</span> <span class='ocrx_word' id='word_1_66' title='bbox 1322 1237 1385 1297; x_wconf 87' lang='lat' dir='ltr'>est:</span> 
     </span>
     <span class='ocr_line' id='line_1_9' title="bbox 286 1331 1386 1422; baseline -0.001 -24"><span class='ocrx_word' id='word_1_67' title='bbox 286 1355 334 1420; x_wconf 71' lang='grc' dir='ltr'>γρ.</span> <span class='ocrx_word' id='word_1_68' title='bbox 346 1331 525 1422; x_wconf 80' lang='grc' dir='ltr'><strong><em>πρώτανγε,</em></strong></span> <span class='ocrx_word' id='word_1_69' title='bbox 548 1341 643 1416; x_wconf 83' lang='lat' dir='ltr'>atque</span> <span class='ocrx_word' id='word_1_70' title='bbox 658 1335 719 1398; x_wconf 92' lang='lat' dir='ltr'>hoc</span> <span class='ocrx_word' id='word_1_71' title='bbox 734 1355 799 1399; x_wconf 90' lang='lat' dir='ltr'>non</span> <span class='ocrx_word' id='word_1_72' title='bbox 815 1357 853 1399; x_wconf 87' lang='lat' dir='ltr'>ex</span> <span class='ocrx_word' id='word_1_73' title='bbox 870 1337 1061 1414; x_wconf 87' lang='lat' dir='ltr'>coniectura,</span> <span class='ocrx_word' id='word_1_74' title='bbox 1077 1335 1132 1399; x_wconf 92' lang='lat' dir='ltr'>sed</span> <span class='ocrx_word' id='word_1_75' title='bbox 1147 1357 1187 1399; x_wconf 87' lang='lat' dir='ltr'>ex</span> <span class='ocrx_word' id='word_1_76' title='bbox 1201 1335 1264 1398; x_wconf 92' lang='lat' dir='ltr'>alio</span> <span class='ocrx_word' id='word_1_77' title='bbox 1280 1335 1386 1398; x_wconf 88' lang='lat' dir='ltr'>codice</span> 
     </span>
     <span class='ocr_line' id='line_1_10' title="bbox 287 1437 1386 1520; baseline -0.001 -20"><span class='ocrx_word' id='word_1_78' title='bbox 287 1443 392 1501; x_wconf 89' lang='lat' dir='ltr'>ortum</span> <span class='ocrx_word' id='word_1_79' title='bbox 410 1458 491 1513; x_wconf 90' lang='lat' dir='ltr'>esse,</span> <span class='ocrx_word' id='word_1_80' title='bbox 512 1437 563 1501; x_wconf 89' lang='lat' dir='ltr'>vel</span> <span class='ocrx_word' id='word_1_81' title='bbox 584 1458 623 1501; x_wconf 88' lang='lat' dir='ltr'>cx</span> <span class='ocrx_word' id='word_1_82' title='bbox 645 1457 682 1500; x_wconf 91' lang='lat' dir='ltr'>eo</span> <span class='ocrx_word' id='word_1_83' title='bbox 704 1439 851 1515; x_wconf 90' lang='lat' dir='ltr'>conicias,</span> <span class='ocrx_word' id='word_1_84' title='bbox 875 1437 959 1519; x_wconf 92' lang='lat' dir='ltr'>quod</span> <span class='ocrx_word' id='word_1_85' title='bbox 981 1438 1015 1500; x_wconf 91' lang='lat' dir='ltr'>in</span> <span class='ocrx_word' id='word_1_86' title='bbox 1037 1437 1131 1501; x_wconf 89' lang='lat' dir='ltr'>Laur.</span> <span class='ocrx_word' id='word_1_87' title='bbox 1154 1437 1270 1520; x_wconf 89' lang='lat' dir='ltr'>legitur</span> <span class='ocrx_word' id='word_1_88' title='bbox 1292 1439 1386 1520; x_wconf 80' lang='grc' dir='ltr'><strong><em>τρῶ-</em></strong></span> 
     </span>
     <span class='ocr_line' id='line_1_11' title="bbox 286 1532 1388 1620; baseline -0.001 -18"><span class='ocrx_word' id='word_1_89' title='bbox 286 1532 329 1602; x_wconf 81' lang='grc' dir='ltr'>τά</span> <span class='ocrx_word' id='word_1_90' title='bbox 344 1559 389 1617; x_wconf 82' lang='grc' dir='ltr'>σε,</span> <span class='ocrx_word' id='word_1_91' title='bbox 412 1560 504 1604; x_wconf 91' lang='lat' dir='ltr'>erasa</span> <span class='ocrx_word' id='word_1_92' title='bbox 524 1561 590 1604; x_wconf 89' lang='lat' dir='ltr'>una</span> <span class='ocrx_word' id='word_1_93' title='bbox 611 1540 713 1617; x_wconf 85' lang='lat' dir='ltr'>litera,</span> <span class='ocrx_word' id='word_1_94' title='bbox 736 1559 818 1620; x_wconf 90' lang='lat' dir='ltr'>quae</span> <span class='ocrx_word' id='word_1_95' title='bbox 839 1545 894 1604; x_wconf 90' lang='lat' dir='ltr'>ant</span> <span class='ocrx_word' id='word_1_96' title='bbox 916 1545 1041 1604; x_wconf 78' lang='lat' dir='ltr'>cantv</span> <span class='ocrx_word' id='word_1_97' title='bbox 1062 1539 1157 1603; x_wconf 86' lang='lat' dir='ltr'>fuisse</span> <span class='ocrx_word' id='word_1_98' title='bbox 1171 1540 1305 1617; x_wconf 82' lang='lat' dir='ltr'>videtur,</span> <span class='ocrx_word' id='word_1_99' title='bbox 1327 1538 1388 1602; x_wconf 85' lang='lat' dir='ltr'>fal-</span> 
     </span>
     <span class='ocr_line' id='line_1_12' title="bbox 288 1640 1386 1706; baseline 0 -2"><span class='ocrx_word' id='word_1_100' title='bbox 288 1662 355 1705; x_wconf 90' lang='lat' dir='ltr'>sam</span> <span class='ocrx_word' id='word_1_101' title='bbox 386 1646 492 1705; x_wconf 89' lang='lat' dir='ltr'>autem</span> <span class='ocrx_word' id='word_1_102' title='bbox 521 1661 587 1705; x_wconf 88' lang='lat' dir='ltr'>esse</span> <span class='ocrx_word' id='word_1_103' title='bbox 614 1642 702 1706; x_wconf 90' lang='lat' dir='ltr'>illam</span> <span class='ocrx_word' id='word_1_104' title='bbox 730 1641 852 1705; x_wconf 77' lang='lat' dir='ltr'>variam</span> <span class='ocrx_word' id='word_1_105' title='bbox 882 1642 1048 1705; x_wconf 87' lang='lat' dir='ltr'>lectionem</span> <span class='ocrx_word' id='word_1_106' title='bbox 1077 1646 1213 1706; x_wconf 87' lang='lat' dir='ltr'>metrum</span> <span class='ocrx_word' id='word_1_107' title='bbox 1241 1640 1386 1705; x_wconf 80' lang='lat' dir='ltr'>ostendit.</span> 
     </span>
     <span class='ocr_line' id='line_1_13' title="bbox 288 1737 1389 1828; baseline -0.002 -22"><span class='ocrx_word' id='word_1_108' title='bbox 288 1743 383 1808; x_wconf 91' lang='lat' dir='ltr'>Falsa</span> <span class='ocrx_word' id='word_1_109' title='bbox 406 1764 530 1825; x_wconf 90' lang='lat' dir='ltr'>quoque</span> <span class='ocrx_word' id='word_1_110' title='bbox 551 1749 600 1808; x_wconf 89' lang='lat' dir='ltr'>est</span> <span class='ocrx_word' id='word_1_111' title='bbox 620 1743 714 1807; x_wconf 92' lang='lat' dir='ltr'>lectio</span> <span class='ocrx_word' id='word_1_112' title='bbox 736 1749 768 1807; x_wconf 91' lang='lat' dir='ltr'>et</span> <span class='ocrx_word' id='word_1_113' title='bbox 790 1765 828 1807; x_wconf 88' lang='lat' dir='ltr'>ex</span> <span class='ocrx_word' id='word_1_114' title='bbox 850 1743 973 1808; x_wconf 88' lang='lat' dir='ltr'>librarii</span> <span class='ocrx_word' id='word_1_115' title='bbox 994 1763 1100 1808; x_wconf 87' lang='lat' dir='ltr'>errore</span> <span class='ocrx_word' id='word_1_116' title='bbox 1122 1748 1192 1806; x_wconf 85' lang='lat' dir='ltr'>orta</span> <span class='ocrx_word' id='word_1_117' title='bbox 1214 1764 1261 1827; x_wconf 80' lang='grc' dir='ltr'>γρ.</span> <span class='ocrx_word' id='word_1_118' title='bbox 1291 1737 1389 1828; x_wconf 77' lang='grc' dir='ltr'><strong><em>φίλον</em></strong></span> 
     </span>
     <span class='ocr_line' id='line_1_14' title="bbox 289 1840 1388 1931; baseline 0.001 -24"><span class='ocrx_word' id='word_1_119' title='bbox 289 1840 385 1929; x_wconf 80' lang='grc' dir='ltr'><strong><em>ἐναγῇ</em></strong></span> <span class='ocrx_word' id='word_1_120' title='bbox 406 1844 448 1908; x_wconf 93' lang='lat' dir='ltr'>ad</span> <span class='ocrx_word' id='word_1_121' title='bbox 470 1843 505 1908; x_wconf 93' lang='grc'>0.</span> <span class='ocrx_word' id='word_1_122' title='bbox 521 1844 558 1907; x_wconf 90' lang='lat' dir='ltr'>R.</span> <span class='ocrx_word' id='word_1_123' title='bbox 574 1867 602 1909; x_wconf 88' lang='lat' dir='ltr'>v.</span> <span class='ocrx_word' id='word_1_124' title='bbox 618 1845 681 1908; x_wconf 84' lang='lat'>656</span> <span class='ocrx_word' id='word_1_125' title='bbox 704 1840 800 1931; x_wconf 75' lang='grc' dir='ltr'><strong><em>ἐναγῆ</em></strong></span> <span class='ocrx_word' id='word_1_126' title='bbox 822 1841 920 1930; x_wconf 85' lang='grc' dir='ltr'><strong><em>φίλον</em></strong></span> <span class='ocrx_word' id='word_1_127' title='bbox 942 1846 1119 1927; x_wconf 84' lang='lat' dir='ltr'>adscripta3</span> <span class='ocrx_word' id='word_1_128' title='bbox 1148 1851 1180 1909; x_wconf 90' lang='lat' dir='ltr'>et</span> <span class='ocrx_word' id='word_1_129' title='bbox 1201 1846 1261 1908; x_wconf 90' lang='lat' dir='ltr'>nisi</span> <span class='ocrx_word' id='word_1_130' title='bbox 1283 1843 1388 1921; x_wconf 87' lang='lat' dir='ltr'>fallor,</span> 
     </span>
     <span class='ocr_line' id='line_1_15' title="bbox 287 1940 1391 2031; baseline 0.001 -22"><span class='ocrx_word' id='word_1_131' title='bbox 287 1967 334 2031; x_wconf 77' lang='grc' dir='ltr'>γρ.</span> <span class='ocrx_word' id='word_1_132' title='bbox 359 1943 451 2028; x_wconf 85' lang='grc' dir='ltr'><strong><em>ἐμοῖς</em></strong></span> <span class='ocrx_word' id='word_1_133' title='bbox 473 1942 532 2010; x_wconf 81' lang='grc' dir='ltr'>ἐπὶ</span> <span class='ocrx_word' id='word_1_134' title='bbox 553 1940 678 2024; x_wconf 77' lang='grc' dir='ltr'><strong><em>πόνοις,</em></strong></span> <span class='ocrx_word' id='word_1_135' title='bbox 703 1945 788 2027; x_wconf 90' lang='lat' dir='ltr'>quod</span> <span class='ocrx_word' id='word_1_136' title='bbox 802 1944 844 2009; x_wconf 91' lang='lat' dir='ltr'>ad</span> <span class='ocrx_word' id='word_1_137' title='bbox 859 1945 894 2010; x_wconf 89' lang='grc' dir='ltr'>Ο.</span> <span class='ocrx_word' id='word_1_138' title='bbox 911 1946 948 2010; x_wconf 86' lang='lat' dir='ltr'>R.</span> <span class='ocrx_word' id='word_1_139' title='bbox 964 1969 992 2010; x_wconf 89' lang='lat' dir='ltr'>v.</span> <span class='ocrx_word' id='word_1_140' title='bbox 1007 1947 1101 2010; x_wconf 76' lang='lat'>1323:</span> <span class='ocrx_word' id='word_1_141' title='bbox 1125 1943 1202 2028; x_wconf 85' lang='grc' dir='ltr'><strong><em>ἐμὸς</em></strong></span> <span class='ocrx_word' id='word_1_142' title='bbox 1226 1941 1391 2022; x_wconf 81' lang='grc' dir='ltr'><strong><em>ἐντιίτολος</em></strong></span> 
     </span>
     <span class='ocr_line' id='line_1_16' title="bbox 289 2045 1392 2130; baseline 0 -20"><span class='ocrx_word' id='word_1_143' title='bbox 289 2047 485 2130; x_wconf 89' lang='lat' dir='ltr'>adscriptum</span> <span class='ocrx_word' id='word_1_144' title='bbox 507 2054 565 2126; x_wconf 86' lang='lat' dir='ltr'>est,</span> <span class='ocrx_word' id='word_1_145' title='bbox 587 2067 651 2111; x_wconf 91' lang='lat' dir='ltr'>non</span> <span class='ocrx_word' id='word_1_146' title='bbox 675 2048 873 2111; x_wconf 87' lang='lat' dir='ltr'>coniecturae</span> <span class='ocrx_word' id='word_1_147' title='bbox 896 2047 1036 2126; x_wconf 88' lang='lat' dir='ltr'>debetur,</span> <span class='ocrx_word' id='word_1_148' title='bbox 1058 2068 1168 2129; x_wconf 87' lang='lat' dir='ltr'>neque,</span> <span class='ocrx_word' id='word_1_149' title='bbox 1191 2054 1227 2111; x_wconf 92' lang='lat' dir='ltr'>ut</span> <span class='ocrx_word' id='word_1_150' title='bbox 1242 2045 1392 2112; x_wconf 84' lang='lat' dir='ltr'>Wolffius</span> 
     </span>
     <span class='ocr_line' id='line_1_17' title="bbox 289 2148 1390 2232; baseline -0.002 -18"><span class='ocrx_word' id='word_1_151' title='bbox 289 2155 400 2232; x_wconf 87' lang='lat' dir='ltr'>putat,</span> <span class='ocrx_word' id='word_1_152' title='bbox 436 2170 475 2214; x_wconf 87' lang='lat' dir='ltr'>ex</span> <span class='ocrx_word' id='word_1_153' title='bbox 496 2149 684 2232; x_wconf 78' lang='lat' dir='ltr'>glossemate</span> <span class='ocrx_word' id='word_1_154' title='bbox 708 2149 749 2212; x_wconf 91' lang='lat' dir='ltr'>ad</span> <span class='ocrx_word' id='word_1_155' title='bbox 770 2154 873 2212; x_wconf 87' lang='lat' dir='ltr'>totum</span> <span class='ocrx_word' id='word_1_156' title='bbox 896 2149 1112 2226; x_wconf 87' lang='lat' dir='ltr'>enuntiatum,</span> <span class='ocrx_word' id='word_1_157' title='bbox 1145 2148 1200 2212; x_wconf 88' lang='lat' dir='ltr'>sed</span> <span class='ocrx_word' id='word_1_158' title='bbox 1223 2170 1390 2212; x_wconf 83' lang='lat' dir='ltr'>exerrare</span> 
     </span>
     <span class='ocr_line' id='line_1_18' title="bbox 289 2249 1387 2334; baseline -0.001 -20"><span class='ocrx_word' id='word_1_159' title='bbox 289 2249 411 2315; x_wconf 85' lang='lat' dir='ltr'>librarii</span> <span class='ocrx_word' id='word_1_160' title='bbox 432 2256 537 2316; x_wconf 92' lang='lat' dir='ltr'>ortum</span> <span class='ocrx_word' id='word_1_161' title='bbox 559 2256 615 2314; x_wconf 89' lang='lat' dir='ltr'>est.</span> <span class='ocrx_word' id='word_1_162' title='bbox 658 2249 747 2313; x_wconf 89' lang='lat' dir='ltr'>ldem</span> <span class='ocrx_word' id='word_1_163' title='bbox 767 2251 852 2316; x_wconf 87' lang='lat' dir='ltr'>valet</span> <span class='ocrx_word' id='word_1_164' title='bbox 867 2250 906 2315; x_wconf 89' lang='lat' dir='ltr'>de</span> <span class='ocrx_word' id='word_1_165' title='bbox 923 2252 995 2314; x_wconf 88' lang='lat' dir='ltr'>Ant.</span> <span class='ocrx_word' id='word_1_166' title='bbox 1011 2274 1039 2314; x_wconf 84' lang='lat' dir='ltr'>v.</span> <span class='ocrx_word' id='word_1_167' title='bbox 1056 2251 1134 2314; x_wconf 76' lang='lat'>697:</span> <span class='ocrx_word' id='word_1_168' title='bbox 1157 2272 1203 2334; x_wconf 90' lang='lat' dir='ltr'>pr.</span> <span class='ocrx_word' id='word_1_169' title='bbox 1219 2272 1260 2314; x_wconf 89' lang='lat' dir='ltr'>m.</span> <span class='ocrx_word' id='word_1_170' title='bbox 1276 2255 1387 2328; x_wconf 85' lang='grc' dir='ltr'><strong><em>κυνῶν,</em></strong></span> 
     </span>
     <span class='ocr_line' id='line_1_19' title="bbox 290 2348 1390 2438; baseline -0.001 -21"><span class='ocrx_word' id='word_1_171' title='bbox 290 2352 320 2417; x_wconf 85' lang='lat' dir='ltr'>S.</span> <span class='ocrx_word' id='word_1_172' title='bbox 344 2374 391 2438; x_wconf 76' lang='grc' dir='ltr'>γρ.</span> <span class='ocrx_word' id='word_1_173' title='bbox 416 2348 528 2432; x_wconf 79' lang='grc' dir='ltr'><strong><em>λύκων,</em></strong></span> <span class='ocrx_word' id='word_1_174' title='bbox 552 2373 624 2417; x_wconf 87' lang='lat' dir='ltr'>cnm</span> <span class='ocrx_word' id='word_1_175' title='bbox 645 2352 771 2430; x_wconf 87' lang='lat' dir='ltr'>literae,</span> <span class='ocrx_word' id='word_1_176' title='bbox 794 2351 833 2417; x_wconf 88' lang='lat' dir='ltr'>de</span> <span class='ocrx_word' id='word_1_177' title='bbox 855 2351 969 2433; x_wconf 90' lang='lat' dir='ltr'>quibus</span> <span class='ocrx_word' id='word_1_178' title='bbox 991 2352 1111 2434; x_wconf 90' lang='lat' dir='ltr'>agitur,</span> <span class='ocrx_word' id='word_1_179' title='bbox 1133 2352 1283 2417; x_wconf 82' lang='lat' dir='ltr'>facillime</span> <span class='ocrx_word' id='word_1_180' title='bbox 1305 2373 1390 2416; x_wconf 89' lang='lat' dir='ltr'>com·</span> 
     </span>
     <span class='ocr_line' id='line_1_20' title="bbox 289 2451 1389 2538; baseline 0.001 -21"><span class='ocrx_word' id='word_1_181' title='bbox 289 2455 406 2518; x_wconf 86' lang='lat' dir='ltr'>mutari</span> <span class='ocrx_word' id='word_1_182' title='bbox 427 2455 596 2536; x_wconf 84' lang='lat' dir='ltr'>potuerint.</span> <span class='ocrx_word' id='word_1_183' title='bbox 640 2453 710 2517; x_wconf 86' lang='lat' dir='ltr'>Huc</span> <span class='ocrx_word' id='word_1_184' title='bbox 733 2455 829 2517; x_wconf 88' lang='lat' dir='ltr'>etiam</span> <span class='ocrx_word' id='word_1_185' title='bbox 849 2454 1047 2518; x_wconf 86' lang='lat' dir='ltr'>referendum</span> <span class='ocrx_word' id='word_1_186' title='bbox 1070 2461 1117 2518; x_wconf 88' lang='lat' dir='ltr'>est</span> <span class='ocrx_word' id='word_1_187' title='bbox 1138 2475 1183 2538; x_wconf 74' lang='grc' dir='ltr'>γρ.</span> <span class='ocrx_word' id='word_1_188' title='bbox 1202 2451 1389 2538; x_wconf 77' lang='grc' dir='ltr'><strong><em>ἐκιβοῶμαι</em></strong></span> 
     </span>
     <span class='ocr_line' id='line_1_21' title="bbox 289 2553 1392 2639; baseline -0.001 -19"><span class='ocrx_word' id='word_1_189' title='bbox 289 2555 332 2620; x_wconf 88' lang='lat' dir='ltr'>ad</span> <span class='ocrx_word' id='word_1_190' title='bbox 352 2557 425 2620; x_wconf 91' lang='lat' dir='ltr'>Ant.</span> <span class='ocrx_word' id='word_1_191' title='bbox 448 2579 476 2620; x_wconf 86' lang='lat' dir='ltr'>v.</span> <span class='ocrx_word' id='word_1_192' title='bbox 490 2556 552 2619; x_wconf 84' lang='lat'>846</span> <span class='ocrx_word' id='word_1_193' title='bbox 575 2553 761 2636; x_wconf 78' lang='grc' dir='ltr'><strong><em>ἐπικτῶμαι</em></strong></span> <span class='ocrx_word' id='word_1_194' title='bbox 783 2555 987 2637; x_wconf 88' lang='lat' dir='ltr'>adscriptum,</span> <span class='ocrx_word' id='word_1_195' title='bbox 1010 2556 1049 2620; x_wconf 91' lang='lat' dir='ltr'>de</span> <span class='ocrx_word' id='word_1_196' title='bbox 1071 2577 1133 2639; x_wconf 90' lang='lat' dir='ltr'>quo</span> <span class='ocrx_word' id='word_1_197' title='bbox 1155 2577 1221 2622; x_wconf 90' lang='lat' dir='ltr'>non</span> <span class='ocrx_word' id='word_1_198' title='bbox 1243 2561 1392 2621; x_wconf 88' lang='lat' dir='ltr'>constant</span> 
     </span>
     <span class='ocr_line' id='line_1_22' title="bbox 289 2654 1391 2742; baseline 0 -21"><span class='ocrx_word' id='word_1_199' title='bbox 289 2657 452 2722; x_wconf 89' lang='lat' dir='ltr'>hominum</span> <span class='ocrx_word' id='word_1_200' title='bbox 474 2657 639 2722; x_wconf 88' lang='lat' dir='ltr'>doctorum</span> <span class='ocrx_word' id='word_1_201' title='bbox 660 2657 785 2722; x_wconf 89' lang='lat' dir='ltr'>iudicia.</span> <span class='ocrx_word' id='word_1_202' title='bbox 828 2656 1012 2721; x_wconf 88' lang='lat' dir='ltr'>Dindorfius</span> <span class='ocrx_word' id='word_1_203' title='bbox 1034 2654 1232 2742; x_wconf 76' lang='grc' dir='ltr'><strong><em>ἐπιβοῶμαι,</em></strong></span> <span class='ocrx_word' id='word_1_204' title='bbox 1244 2665 1300 2722; x_wconf 89' lang='lat' dir='ltr'>aut</span> <span class='ocrx_word' id='word_1_205' title='bbox 1316 2679 1391 2722; x_wconf 88' lang='lat' dir='ltr'>con-</span> 
     </span>
     <span class='ocr_line' id='line_1_23' title="bbox 288 2758 1389 2843; baseline 0 -20"><span class='ocrx_word' id='word_1_206' title='bbox 288 2761 442 2825; x_wconf 88' lang='lat' dir='ltr'>iecturam</span> <span class='ocrx_word' id='word_1_207' title='bbox 463 2781 530 2826; x_wconf 90' lang='lat' dir='ltr'>esse</span> <span class='ocrx_word' id='word_1_208' title='bbox 553 2760 753 2843; x_wconf 85' lang='lat' dir='ltr'>grammatici</span> <span class='ocrx_word' id='word_1_209' title='bbox 774 2760 867 2824; x_wconf 88' lang='lat' dir='ltr'>metri</span> <span class='ocrx_word' id='word_1_210' title='bbox 889 2760 1025 2842; x_wconf 86' lang='lat' dir='ltr'>imperiti</span> <span class='ocrx_word' id='word_1_211' title='bbox 1048 2758 1126 2823; x_wconf 91' lang='lat' dir='ltr'>dicit</span> <span class='ocrx_word' id='word_1_212' title='bbox 1147 2767 1202 2824; x_wconf 89' lang='lat' dir='ltr'>aut</span> <span class='ocrx_word' id='word_1_213' title='bbox 1219 2760 1389 2842; x_wconf 85' lang='lat' dir='ltr'>glossema3</span> 
     </span>
     <span class='ocr_line' id='line_1_24' title="bbox 289 2859 1389 2944; baseline -0.001 -19"><span class='ocrx_word' id='word_1_214' title='bbox 289 2861 445 2939; x_wconf 88' lang='lat' dir='ltr'>Wolffius,</span> <span class='ocrx_word' id='word_1_215' title='bbox 457 2860 653 2926; x_wconf 88' lang='lat' dir='ltr'>Wunderum</span> <span class='ocrx_word' id='word_1_216' title='bbox 665 2868 800 2941; x_wconf 80' lang='lat' dir='ltr'>secutae,</span> <span class='ocrx_word' id='word_1_217' title='bbox 816 2859 1002 2942; x_wconf 78' lang='grc' dir='ltr'><strong><em>ἐπικτῶμαι</em></strong></span> <span class='ocrx_word' id='word_1_218' title='bbox 1017 2869 1200 2944; x_wconf 90' lang='lat' dir='ltr'>corruptum</span> <span class='ocrx_word' id='word_1_219' title='bbox 1214 2882 1281 2926; x_wconf 91' lang='lat' dir='ltr'>esse</span> <span class='ocrx_word' id='word_1_220' title='bbox 1295 2867 1389 2943; x_wconf 89' lang='lat' dir='ltr'>putat</span> 
     </span>
     <span class='ocr_line' id='line_1_25' title="bbox 290 2959 1391 3046; baseline 0 -20"><span class='ocrx_word' id='word_1_221' title='bbox 290 2984 330 3026; x_wconf 84' lang='lat' dir='ltr'>ex</span> <span class='ocrx_word' id='word_1_222' title='bbox 351 2960 559 3043; x_wconf 79' lang='grc' dir='ltr'><strong><em>ἐπαυόῶμαι,</em></strong></span> <span class='ocrx_word' id='word_1_223' title='bbox 584 2965 671 3028; x_wconf 89' lang='lat' dir='ltr'>cuius</span> <span class='ocrx_word' id='word_1_224' title='bbox 693 2963 780 3028; x_wconf 82' lang='lat' dir='ltr'>verbi</span> <span class='ocrx_word' id='word_1_225' title='bbox 801 2964 907 3046; x_wconf 83' lang='lat' dir='ltr'>glossa</span> <span class='ocrx_word' id='word_1_226' title='bbox 929 2959 1117 3046; x_wconf 77' lang='grc' dir='ltr'><strong><em>ἐπιβοῶμαι</em></strong></span> <span class='ocrx_word' id='word_1_227' title='bbox 1139 2965 1286 3027; x_wconf 90' lang='lat' dir='ltr'>nimirum</span> <span class='ocrx_word' id='word_1_228' title='bbox 1309 2965 1391 3044; x_wconf 92' lang='lat' dir='ltr'>opti·</span> 
     </span>
     <span class='ocr_line' id='line_1_26' title="bbox 290 3063 1390 3146; baseline -0.001 -18"><span class='ocrx_word' id='word_1_229' title='bbox 290 3084 340 3127; x_wconf 88' lang='lat' dir='ltr'>me</span> <span class='ocrx_word' id='word_1_230' title='bbox 363 3084 430 3128; x_wconf 90' lang='lat' dir='ltr'>esse</span> <span class='ocrx_word' id='word_1_231' title='bbox 457 3069 570 3146; x_wconf 88' lang='lat' dir='ltr'>potest.</span> <span class='ocrx_word' id='word_1_232' title='bbox 614 3063 676 3128; x_wconf 85' lang='lat' dir='ltr'>Sed</span> <span class='ocrx_word' id='word_1_233' title='bbox 705 3071 818 3136; x_wconf 88' lang='lat' dir='ltr'>contra</span> <span class='ocrx_word' id='word_1_234' title='bbox 838 3065 1034 3129; x_wconf 90' lang='lat' dir='ltr'>Wunderum</span> <span class='ocrx_word' id='word_1_235' title='bbox 1063 3065 1124 3129; x_wconf 88' lang='lat' dir='ltr'>hoo</span> <span class='ocrx_word' id='word_1_236' title='bbox 1145 3065 1281 3130; x_wconf 87' lang='lat' dir='ltr'>maxime</span> <span class='ocrx_word' id='word_1_237' title='bbox 1303 3065 1390 3141; x_wconf 86' lang='lat' dir='ltr'>facit,</span> 
     </span>
     <span class='ocr_line' id='line_1_27' title="bbox 291 3165 1390 3248; baseline 0 -19"><span class='ocrx_word' id='word_1_238' title='bbox 291 3165 377 3247; x_wconf 90' lang='lat' dir='ltr'>quod</span> <span class='ocrx_word' id='word_1_239' title='bbox 397 3186 462 3229; x_wconf 91' lang='lat' dir='ltr'>non</span> <span class='ocrx_word' id='word_1_240' title='bbox 484 3171 588 3248; x_wconf 89' lang='lat' dir='ltr'>patet,</span> <span class='ocrx_word' id='word_1_241' title='bbox 624 3166 784 3247; x_wconf 89' lang='lat' dir='ltr'>quomodo</span> <span class='ocrx_word' id='word_1_242' title='bbox 805 3166 914 3231; x_wconf 89' lang='lat' dir='ltr'>literae</span> <span class='ocrx_word' id='word_1_243' title='bbox 936 3169 977 3228; x_wconf 91' lang='lat' dir='ltr'><em>A</em></span> <span class='ocrx_word' id='word_1_244' title='bbox 983 3169 1041 3230; x_wconf 86' lang='lat' dir='ltr'>YA</span> <span class='ocrx_word' id='word_1_245' title='bbox 1062 3167 1096 3230; x_wconf 91' lang='lat' dir='ltr'>in</span> <span class='ocrx_word' id='word_1_246' title='bbox 1118 3170 1205 3230; x_wconf 86' lang='grc' dir='ltr'>ΙΚΤ</span> <span class='ocrx_word' id='word_1_247' title='bbox 1222 3173 1390 3248; x_wconf 85' lang='lat' dir='ltr'>corruptae</span> 
     </span>
     <span class='ocr_line' id='line_1_28' title="bbox 291 3267 1390 3353; baseline 0.002 -23"><span class='ocrx_word' id='word_1_248' title='bbox 291 3267 364 3344; x_wconf 86' lang='lat' dir='ltr'>sint,</span> <span class='ocrx_word' id='word_1_249' title='bbox 386 3272 418 3330; x_wconf 89' lang='lat' dir='ltr'>et</span> <span class='ocrx_word' id='word_1_250' title='bbox 439 3267 524 3348; x_wconf 91' lang='lat' dir='ltr'>quod</span> <span class='ocrx_word' id='word_1_251' title='bbox 545 3269 579 3332; x_wconf 91' lang='lat' dir='ltr'>in</span> <span class='ocrx_word' id='word_1_252' title='bbox 593 3268 722 3352; x_wconf 83' lang='lat' dir='ltr'>vulgata</span> <span class='ocrx_word' id='word_1_253' title='bbox 744 3270 901 3353; x_wconf 85' lang='lat' dir='ltr'>scriptura</span> <span class='ocrx_word' id='word_1_254' title='bbox 921 3269 1003 3333; x_wconf 88' lang='lat' dir='ltr'>nihil</span> <span class='ocrx_word' id='word_1_255' title='bbox 1025 3267 1162 3334; x_wconf 89' lang='lat' dir='ltr'>offendit.</span> <span class='ocrx_word' id='word_1_256' title='bbox 1207 3267 1262 3334; x_wconf 87' lang='lat' dir='ltr'>Sin</span> <span class='ocrx_word' id='word_1_257' title='bbox 1284 3274 1390 3332; x_wconf 88' lang='lat' dir='ltr'>autem</span> 
     </span>
     <span class='ocr_line' id='line_1_29' title="bbox 290 3369 1394 3454; baseline -0.003 -21"><span class='ocrx_word' id='word_1_258' title='bbox 290 3369 454 3434; x_wconf 86' lang='lat' dir='ltr'>literarum</span> <span class='ocrx_word' id='word_1_259' title='bbox 467 3369 580 3434; x_wconf 89' lang='lat' dir='ltr'>ductus</span> <span class='ocrx_word' id='word_1_260' title='bbox 595 3373 759 3453; x_wconf 87' lang='lat' dir='ltr'>utriusque</span> <span class='ocrx_word' id='word_1_261' title='bbox 780 3371 926 3436; x_wconf 84' lang='lat' dir='ltr'>vocabuli</span> <span class='ocrx_word' id='word_1_262' title='bbox 947 3371 1093 3454; x_wconf 84' lang='lat' dir='ltr'>respicis:</span> <span class='ocrx_word' id='word_1_263' title='bbox 1116 3369 1394 3434; x_wconf 85' lang='grc' dir='ltr'><em>ΕΠΙΒΟΩΜΛΙ</em></span> 
     </span>
     <span class='ocr_line' id='line_1_30' title="bbox 290 3471 1391 3556; baseline 0 -22"><span class='ocrx_word' id='word_1_264' title='bbox 290 3476 322 3534; x_wconf 86' lang='lat' dir='ltr'>et</span> <span class='ocrx_word' id='word_1_265' title='bbox 344 3471 632 3552; x_wconf 82' lang='grc' dir='ltr'><strong><em>ΕΠΙΚΤΩΜΑΙ,</em></strong></span> <span class='ocrx_word' id='word_1_266' title='bbox 655 3473 827 3556; x_wconf 69' lang='lat' dir='ltr'>intelleges</span> <span class='ocrx_word' id='word_1_267' title='bbox 849 3494 945 3554; x_wconf 90' lang='lat' dir='ltr'>quam</span> <span class='ocrx_word' id='word_1_268' title='bbox 966 3472 1060 3536; x_wconf 87' lang='lat' dir='ltr'>facile</span> <span class='ocrx_word' id='word_1_269' title='bbox 1081 3472 1160 3537; x_wconf 89' lang='lat' dir='ltr'>haec</span> <span class='ocrx_word' id='word_1_270' title='bbox 1179 3494 1200 3536; x_wconf 91' lang='lat' dir='ltr'>a</span> <span class='ocrx_word' id='word_1_271' title='bbox 1213 3472 1391 3555; x_wconf 82' lang='lat' dir='ltr'>neglegenti</span> 
     </span>
     <span class='ocr_line' id='line_1_31' title="bbox 290 3571 1390 3658; baseline 0 -22"><span class='ocrx_word' id='word_1_272' title='bbox 290 3571 421 3637; x_wconf 88' lang='lat' dir='ltr'>librario</span> <span class='ocrx_word' id='word_1_273' title='bbox 442 3573 525 3638; x_wconf 89' lang='lat' dir='ltr'>inter</span> <span class='ocrx_word' id='word_1_274' title='bbox 546 3595 579 3638; x_wconf 91' lang='lat' dir='ltr'>se</span> <span class='ocrx_word' id='word_1_275' title='bbox 601 3577 788 3639; x_wconf 85' lang='lat' dir='ltr'>commutari</span> <span class='ocrx_word' id='word_1_276' title='bbox 809 3575 979 3658; x_wconf 89' lang='lat' dir='ltr'>potuerint.</span> <span class='ocrx_word' id='word_1_277' title='bbox 1024 3576 1097 3638; x_wconf 90' lang='lat' dir='ltr'>Ant.</span> <span class='ocrx_word' id='word_1_278' title='bbox 1120 3597 1148 3638; x_wconf 84' lang='lat' dir='ltr'>v.</span> <span class='ocrx_word' id='word_1_279' title='bbox 1173 3574 1272 3638; x_wconf 76' lang='lat'>1328:</span> <span class='ocrx_word' id='word_1_280' title='bbox 1301 3595 1390 3657; x_wconf 89' lang='lat' dir='ltr'>apr.</span> 
     </span>
     <span class='ocr_line' id='line_1_32' title="bbox 290 3669 1391 3761; baseline 0.001 -23"><span class='ocrx_word' id='word_1_281' title='bbox 290 3696 330 3737; x_wconf 89' lang='lat' dir='ltr'>m.</span> <span class='ocrx_word' id='word_1_282' title='bbox 361 3673 459 3738; x_wconf 85' lang='lat' dir='ltr'>habet</span> <span class='ocrx_word' id='word_1_283' title='bbox 485 3669 644 3759; x_wconf 83' lang='grc' dir='ltr'><strong><em>βράχιστα</em></strong></span> <span class='ocrx_word' id='word_1_284' title='bbox 671 3671 731 3761; x_wconf 76' lang='grc' dir='ltr'>γὰρ</span> <span class='ocrx_word' id='word_1_285' title='bbox 752 3672 910 3761; x_wconf 82' lang='grc' dir='ltr'><strong><em>κράτιστα</em></strong></span> <span class='ocrx_word' id='word_1_286' title='bbox 931 3670 991 3740; x_wconf 73' lang='grc' dir='ltr'><strong><em>τα’ν</em></strong></span> <span class='ocrx_word' id='word_1_287' title='bbox 1015 3673 1119 3741; x_wconf 80' lang='grc' dir='ltr'><strong><em>ποσὶν</em></strong></span> <span class='ocrx_word' id='word_1_288' title='bbox 1140 3673 1233 3740; x_wconf 87' lang='grc' dir='ltr'><strong><em>κακά.</em></strong></span> <span class='ocrx_word' id='word_1_289' title='bbox 1280 3677 1310 3741; x_wconf 86' lang='lat' dir='ltr'>S.</span> <span class='ocrx_word' id='word_1_290' title='bbox 1334 3675 1391 3741; x_wconf 89' lang='lat' dir='ltr'>ad-</span> 
     </span>
     <span class='ocr_line' id='line_1_33' title="bbox 290 3772 1390 3863; baseline 0.002 -23"><span class='ocrx_word' id='word_1_291' title='bbox 290 3777 418 3860; x_wconf 87' lang='lat' dir='ltr'>scripsit</span> <span class='ocrx_word' id='word_1_292' title='bbox 439 3797 485 3863; x_wconf 74' lang='grc' dir='ltr'>γρ.</span> <span class='ocrx_word' id='word_1_293' title='bbox 510 3772 668 3862; x_wconf 83' lang='grc' dir='ltr'><strong><em>κράτιστα</em></strong></span> <span class='ocrx_word' id='word_1_294' title='bbox 692 3784 723 3843; x_wconf 91' lang='lat' dir='ltr'>et</span> <span class='ocrx_word' id='word_1_295' title='bbox 743 3801 789 3862; x_wconf 80' lang='grc' dir='ltr'>γρ.</span> <span class='ocrx_word' id='word_1_296' title='bbox 813 3773 971 3858; x_wconf 85' lang='grc' dir='ltr'><strong><em>τάχιστα,</em></strong></span> <span class='ocrx_word' id='word_1_297' title='bbox 1009 3801 1091 3861; x_wconf 88' lang='lat' dir='ltr'>quae</span> <span class='ocrx_word' id='word_1_298' title='bbox 1112 3781 1218 3845; x_wconf 86' lang='lat' dir='ltr'>variae</span> <span class='ocrx_word' id='word_1_299' title='bbox 1241 3779 1390 3844; x_wconf 87' lang='lat' dir='ltr'>lectiones</span> 
     </span>
     <span class='ocr_line' id='line_1_34' title="bbox 291 3877 1390 3964; baseline -0.001 -21"><span class='ocrx_word' id='word_1_300' title='bbox 291 3879 493 3946; x_wconf 87' lang='lat' dir='ltr'>hauddubie</span> <span class='ocrx_word' id='word_1_301' title='bbox 515 3877 637 3944; x_wconf 89' lang='lat' dir='ltr'>librarii</span> <span class='ocrx_word' id='word_1_302' title='bbox 664 3881 765 3944; x_wconf 86' lang='lat' dir='ltr'>errori</span> <span class='ocrx_word' id='word_1_303' title='bbox 786 3879 948 3945; x_wconf 89' lang='lat' dir='ltr'>debentur.</span> <span class='ocrx_word' id='word_1_304' title='bbox 994 3884 1097 3964; x_wconf 87' lang='lat' dir='ltr'>Atque</span> <span class='ocrx_word' id='word_1_305' title='bbox 1119 3881 1202 3946; x_wconf 89' lang='lat' dir='ltr'>idem</span> <span class='ocrx_word' id='word_1_306' title='bbox 1223 3880 1390 3945; x_wconf 88' lang='lat' dir='ltr'>dicendum</span> 
     </span>
     <span class='ocr_line' id='line_1_35' title="bbox 290 3975 1386 4069; baseline 0 -25"><span class='ocrx_word' id='word_1_307' title='bbox 290 3985 339 4045; x_wconf 86' lang='lat' dir='ltr'>est</span> <span class='ocrx_word' id='word_1_308' title='bbox 358 3981 397 4046; x_wconf 91' lang='lat' dir='ltr'>de</span> <span class='ocrx_word' id='word_1_309' title='bbox 418 3982 467 4044; x_wconf 90' lang='lat' dir='ltr'>Ai.</span> <span class='ocrx_word' id='word_1_310' title='bbox 489 4004 518 4044; x_wconf 83' lang='lat' dir='ltr'>v.</span> <span class='ocrx_word' id='word_1_311' title='bbox 533 3981 598 4045; x_wconf 77' lang='lat'>455</span> <span class='ocrx_word' id='word_1_312' title='bbox 620 3978 700 4063; x_wconf 79' lang='grc' dir='ltr'><strong><em>ἐμοῦ</em></strong></span> <span class='ocrx_word' id='word_1_313' title='bbox 720 3980 781 4064; x_wconf 79' lang='grc' dir='ltr'>μὲν</span> <span class='ocrx_word' id='word_1_314' title='bbox 803 3975 860 4064; x_wconf 77' lang='grc' dir='ltr'>οὐχ</span> <span class='ocrx_word' id='word_1_315' title='bbox 881 3975 1020 4058; x_wconf 77' lang='grc' dir='ltr'><strong><em>ἑκόντος.</em></strong></span> <span class='ocrx_word' id='word_1_316' title='bbox 1045 3985 1091 4047; x_wconf 85' lang='lat' dir='ltr'>S.:</span> <span class='ocrx_word' id='word_1_317' title='bbox 1112 4004 1159 4069; x_wconf 76' lang='grc' dir='ltr'>γρ.</span> <span class='ocrx_word' id='word_1_318' title='bbox 1176 3975 1233 4046; x_wconf 77' lang='grc' dir='ltr'>οὐκ</span> <span class='ocrx_word' id='word_1_319' title='bbox 1249 3977 1386 4062; x_wconf 56' lang='grc' dir='ltr'><strong><em>ἄκοντας.</em></strong></span> 
     </span>
     <span class='ocr_line' id='line_1_36' title="bbox 290 4078 1388 4170; baseline 0.003 -26"><span class='ocrx_word' id='word_1_320' title='bbox 290 4081 330 4144; x_wconf 87' lang='lat' dir='ltr'>cf.</span> <span class='ocrx_word' id='word_1_321' title='bbox 358 4081 537 4146; x_wconf 87' lang='lat' dir='ltr'>Nauckium</span> <span class='ocrx_word' id='word_1_322' title='bbox 565 4106 595 4167; x_wconf 92' lang='lat' dir='ltr'>p.</span> <span class='ocrx_word' id='word_1_323' title='bbox 620 4082 681 4146; x_wconf 88' lang='lat'>163</span> <span class='ocrx_word' id='word_1_324' title='bbox 713 4084 752 4148; x_wconf 89' lang='lat' dir='ltr'>de</span> <span class='ocrx_word' id='word_1_325' title='bbox 780 4084 828 4147; x_wconf 77' lang='grc' dir='ltr'>Αἰ.</span> <span class='ocrx_word' id='word_1_326' title='bbox 849 4105 877 4148; x_wconf 90' lang='lat' dir='ltr'>v.</span> <span class='ocrx_word' id='word_1_327' title='bbox 900 4083 977 4148; x_wconf 77' lang='lat'>946:</span> <span class='ocrx_word' id='word_1_328' title='bbox 1008 4106 1055 4166; x_wconf 87' lang='lat' dir='ltr'>pr.</span> <span class='ocrx_word' id='word_1_329' title='bbox 1080 4107 1120 4148; x_wconf 90' lang='lat' dir='ltr'>m.</span> <span class='ocrx_word' id='word_1_330' title='bbox 1151 4078 1234 4166; x_wconf 80' lang='grc' dir='ltr'><strong><em>ὤμοι</em></strong></span> <span class='ocrx_word' id='word_1_331' title='bbox 1265 4083 1388 4170; x_wconf 59' lang='grc' dir='ltr'><strong><em>ὃκμρ.</em></strong></span> 
     </span>
     <span class='ocr_line' id='line_1_37' title="bbox 292 4177 1391 4272; baseline 0.003 -25"><span class='ocrx_word' id='word_1_332' title='bbox 292 4177 332 4247; x_wconf 81' lang='grc' dir='ltr'>ἰώ</span> <span class='ocrx_word' id='word_1_333' title='bbox 353 4206 420 4266; x_wconf 90' lang='grc' dir='ltr'><strong><em>μοι,</em></strong></span> <span class='ocrx_word' id='word_1_334' title='bbox 444 4184 483 4249; x_wconf 88' lang='lat' dir='ltr'>cf.</span> <span class='ocrx_word' id='word_1_335' title='bbox 505 4185 618 4264; x_wconf 70' lang='lat' dir='ltr'>noas,</span> <span class='ocrx_word' id='word_1_336' title='bbox 640 4185 679 4250; x_wconf 91' lang='lat' dir='ltr'>de</span> <span class='ocrx_word' id='word_1_337' title='bbox 702 4185 749 4249; x_wconf 88' lang='lat' dir='ltr'>Ai.</span> <span class='ocrx_word' id='word_1_338' title='bbox 772 4209 800 4250; x_wconf 81' lang='lat' dir='ltr'>v.</span> <span class='ocrx_word' id='word_1_339' title='bbox 826 4177 950 4272; x_wconf 55' lang='lat'>11041’13</span> <span class='ocrx_word' id='word_1_340' title='bbox 972 4183 1028 4248; x_wconf 79' lang='grc' dir='ltr'>καὶ</span> <span class='ocrx_word' id='word_1_341' title='bbox 1049 4184 1138 4270; x_wconf 76' lang='grc' dir='ltr'><strong><em>τῷδέ</em></strong></span> <span class='ocrx_word' id='word_1_342' title='bbox 1160 4207 1204 4250; x_wconf 84' lang='grc' dir='ltr'>σε.</span> <span class='ocrx_word' id='word_1_343' title='bbox 1228 4185 1276 4250; x_wconf 85' lang='lat' dir='ltr'>S.:</span> <span class='ocrx_word' id='word_1_344' title='bbox 1299 4207 1346 4272; x_wconf 80' lang='grc' dir='ltr'>γρ.</span> <span class='ocrx_word' id='word_1_345' title='bbox 1371 4177 1391 4271; x_wconf 75' lang='grc' dir='ltr'>ἢ</span> 
     </span>
     <span class='ocr_line' id='line_1_38' title="bbox 290 4281 1391 4372; baseline 0.002 -22"><span class='ocrx_word' id='word_1_346' title='bbox 290 4281 346 4350; x_wconf 77' lang='grc' dir='ltr'>καὶ</span> <span class='ocrx_word' id='word_1_347' title='bbox 376 4283 473 4350; x_wconf 79' lang='grc' dir='ltr'><strong><em>τοῦδέ·</em></strong></span> <span class='ocrx_word' id='word_1_348' title='bbox 501 4305 575 4364; x_wconf 73' lang='grc' dir='ltr'>σοι,ο</span> <span class='ocrx_word' id='word_1_349' title='bbox 611 4308 692 4352; x_wconf 91' lang='lat' dir='ltr'>unus</span> <span class='ocrx_word' id='word_1_350' title='bbox 723 4288 854 4370; x_wconf 87' lang='lat' dir='ltr'>quisque</span> <span class='ocrx_word' id='word_1_351' title='bbox 877 4289 960 4352; x_wconf 89' lang='lat' dir='ltr'>enim</span> <span class='ocrx_word' id='word_1_352' title='bbox 982 4288 1152 4372; x_wconf 86' lang='lat' dir='ltr'>intelleget,</span> <span class='ocrx_word' id='word_1_353' title='bbox 1180 4287 1238 4352; x_wconf 87' lang='lat' dir='ltr'>has</span> <span class='ocrx_word' id='word_1_354' title='bbox 1266 4288 1391 4372; x_wconf 87' lang='lat' dir='ltr'>ineptas</span> 
     </span>
    </p>
   </div>
   <div class='ocr_carea' id='block_1_3' title="bbox 0 0 1553 5124">
    <p class='ocr_par' dir='ltr' id='par_1_5' title="bbox 0 0 1553 5124">
     <span class='ocr_line' id='line_1_39' title="bbox 0 0 1553 5124; baseline 0 0"><span class='ocrx_word' id='word_1_355' title='bbox 0 0 1553 5124; x_wconf 95' lang='lat' dir='ltr'> </span> 
     </span>
    </p>
   </div>
  </div>
 </body>
</html>
