3084 5124
707 471 749 536 29

177 659 283 725 nullas
304 659 428 724 noverit
449 679 556 724 omnes
577 660 723 737 noverit,
760 660 897 723 breviter
925 660 1115 742 pertractari
1136 667 1277 742 possunt.

177 761 366 845 Saepissime
390 761 591 826 inveniuntur
613 761 723 825 literae
745 783 774 841 o,
799 787 824 841 ν,
850 760 877 841 d,
900 785 919 846 ρ
941 762 981 827 05
1004 761 1034 827 8.
1057 761 1201 842 additae,
1223 764 1279 828 ubi

176 885 197 929 a
218 865 321 948 prima
343 885 439 928 manu
460 863 595 928 omissae
618 869 692 927 sunt
713 868 769 928 aut
789 863 1006 946 neglegentia,
1044 865 1125 929 siout
1145 865 1208 929 illis
1230 866 1278 930 lo-

176 968 231 1045 010,
254 966 309 1031 051
331 966 379 1030 bis
401 966 523 1048 positae
545 965 774 1044 desiderantur,
796 971 852 1030 aut
874 968 948 1048 quia
970 968 1003 1030 in
1025 967 1197 1052 archetypo
1213 990 1278 1032 non

176 1068 370 1152 legebantur.
416 1067 503 1144 Quae
533 1069 724 1134 mutationes
752 1091 829 1134 num
859 1089 966 1134 omnes
992 1069 1073 1136 libro
1103 1071 1278 1137 debeantur

175 1192 218 1236 an
240 1171 412 1236 nonnullae
435 1171 570 1236 fortasse
593 1170 716 1235 librarii
737 1171 946 1250 coniecturae,
969 1170 1098 1237 difficile
1119 1177 1167 1238 est
1182 1173 1277 1252 dictu,

176 1295 246 1338 cum
274 1273 355 1337 tales
383 1273 574 1337 mutationes
602 1272 724 1338 librarii
753 1273 885 1338 alicuius
916 1273 1103 1363 facultatem
1132 1296 1198 1339 non
1226 1298 1277 1341 su-

174 1382 295 1458 perent.
339 1375 389 1440 Ita
410 1375 545 1440 alteram
567 1375 694 1440 literam
722 1395 804 1457 quae
835 1382 884 1440 est
912 1397 947 1455 o,
978 1377 1111 1442 inseruit
1136 1377 1167 1442 S.
1190 1378 1276 1442 hisce

175 1478 269 1542 loeis:
300 1477 335 1542 0.
357 1477 394 1541 R.
417 1501 445 1542 v.
470 1477 531 1542 707
554 1469 652 1564 ἀφεὶς
674 1473 822 1557 σεαυτὸν;
846 1501 875 1542 v.
901 1478 962 1541 146
985 1486 1017 1543 et
1039 1479 1102 1543 919
1124 1477 1209 1564 πρὸς
1231 1473 1277 1561 σ’,·

175 1601 205 1644 v.
229 1580 310 1644 1302
332 1578 416 1666 πρὸς
438 1583 489 1667 σῇ.
533 1581 606 1647 Ant.
629 1603 657 1644 v.
674 1580 737 1644 292
759 1573 804 1656 ὡς
825 1580 984 1664 στέργειη
1005 1605 1034 1646 v.
1052 1581 1134 1645 1298
1156 1575 1275 1647 ὀνειδί-

179 1680 241 1760 ζεις
262 1679 398 1767 σποράν.
442 1683 523 1746 Ρ511.
545 1681 659 1754 note
689 1677 774 1768 πρὸς
795 1675 826 1746 o'
849 1677 883 1763 6,·
913 1706 940 1748 v.
960 1685 1041 1748 1221
1065 1679 1277 1768 dictionem,-

177 1807 204 1848 ν.
230 1785 324 1850 1246,
338 1779 487 1870 κρείσσω.
531 1785 580 1848 El.
611 1808 639 1849 v.
663 1784 725 1849 669
755 1779 807 1862 τίς
837 1778 883 1865 o’,·
919 1809 946 1850 v.
971 1786 1052 1850 1198
1081 1779 1278 1874 apodemus

176 1883 304 1952 σποδόν
326 1927 367 1962 ή-
396 1888 531 1952 alteram
552 1909 581 1951 r.
604 1887 737 1951 inseruit
764 1886 814 1952 S.:
852 1887 887 1951 0.
909 1888 946 1951 R.
969 1911 997 1954 v.
1021 1889 1083 1952 842
1114 1886 1277 1969 ἐννέπειν,Ι

174 2011 202 2054 v.
219 1989 300 2053 1015
322 1993 496 2077 γεννητῶν,·
517 2012 546 2053 v.
557 1988 644 2053 1510
664 1981 805 2075 γέννημ’,·
827 2013 855 2053 v.
869 1988 931 2052 893
954 1985 988 2056 ἐν
1010 1995 1151 2077 νεκροῖς,·
1172 2014 1199 2057 u.
1212 1992 1276 2055 952

174 2084 214 2154 ἄν
235 2115 300 2173 νιν,·
320 2114 349 2155 v.
366 2091 428 2156 241
452 2085 648 2174 ξονναίοιμι,·
670 2115 698 2156 v.
714 2091 777 2155 436
800 2087 929 2179 κρύψον
951 2117 1015 2173 νιν,·
1037 2095 1162 2160 literam
1182 2119 1215 2180 Q:
1239 2094 1274 2159 0.

174 2193 207 2258 0.
229 2217 258 2259 v.
285 2194 367 2258 1590
388 2191 610 2281 κασσρράκτην
632 2201 664 2259 et
685 2216 703 2258 ο
725 2195 785 2258 Ρ5.
808 2217 836 2258 v.
861 2195 942 2259 1209
965 2191 1053 2276 νόος,·
1076 2197 1173 2260 etiam
1193 2196 1274 2260 falso

173 2295 297 2361 addidit
325 2297 459 2362 alteram
491 2318 511 2360 σ
539 2297 575 2362 0.
607 2296 639 2360 0.
666 2319 695 2361 v.
718 2296 779 2359 561
803 2291 936 2375 ,ὁποίας
968 2293 998 2362 c'
1028 2293 1274 2386 ἐξαφισταίμην.

174 2399 304 2464 Ceterae
327 2419 451 2481 000000
473 2399 708 2465 emendationes
730 2398 883 2464 eiusmodi
905 2401 1068 2482 corrigunt
1087 2401 1173 2479 vitia,
1197 2423 1276 2484 qua·

172 2501 216 2565 lia
251 2503 431 2586 saepissime
463 2524 483 2568 a
516 2502 655 2568 librariis
689 2503 952 2581 committuntur,
989 2503 1029 2568 01.
1060 2502 1096 2567 0.
1120 2503 1152 2566 C.
1181 2526 1208 2568 v.
1235 2505 1274 2567 16

174 2621 361 2760 signiacum,
385 2697 414 2738 π
435 2676 476 2741 05
492 2675 542 2755 8.;
564 2699 592 2740 v.
608 2676 649 2739 62
672 2670 762 2740 ἔστιν
783 2664 818 2755 ὦ,
842 2699 860 2739 ν
881 2675 921 2740 05
943 2675 992 2754 8.;
1013 2698 1041 2740 v.
1057 2675 1120 2739 515
1143 2672 1272 2757 ξενείας,

173 2777 190 2839 ἰ’
208 2777 249 2841 05
271 2775 318 2856 8.;
340 2777 379 2842 cf.
402 2776 511 2857 schol,
534 2779 568 2842 in
591 2798 653 2860 000
676 2778 787 2842 eadem
808 2779 924 2861 legitur
944 2777 1048 2855 lectio,
1069 2777 1143 2842 Ant.
1166 2780 1273 2842 0171

172 2874 369 2958 παίσαντες,
402 2880 512 2946 literae
543 2903 600 2946 αιο
622 2879 746 2944 duabus
768 2880 867 2945 literis
890 2881 982 2946 elutis
1004 2880 1045 2943 ab
1068 2879 1097 2945 S.
1122 2881 1274 2946 substitu-

680 2989 702 3035 ο

171 3058 232 3116 tae.
277 3053 350 3117 Ant.
373 3073 401 3116 v.
424 3053 488 3117 523
510 3047 606 3117 odron
628 3076 748 3134 υνεχειν
768 3075 816 3136 pr.
839 3075 897 3131 m.,
927 3053 1036 3118 literas
1057 3075 1116 3117 τοο
1143 3055 1176 3118 10
1199 3077 1274 3120 τοισ

172 3155 306 3220 mutavit
326 3155 356 3220 S.
378 3156 398 3220 i.
416 3177 442 3219 0.
464 3147 556 3218 olivet
578 3152 754 3237 συνέχθειν.
778 3156 826 3221 Ε1.
842 3179 871 3220 v.
887 3156 950 3219 920
972 3179 1042 3243 pso,
1067 3180 1102 3220 eo
1123 3156 1164 3221 ab
1180 3157 1210 3223 8.
1232 3197 1273 3205 -

257 3327 313 3392 Sin
335 3333 441 3392 autem
462 3349 497 3393 re
518 3349 594 3393 vera
616 3334 776 3393 corrector
790 3328 840 3392 vel
855 3323 1041 3415 διορθωσής
1062 3329 1182 3410 fuisset,
1206 3352 1274 3396 eer-

171 3429 291 3494 tiseime
319 3431 470 3496 maiorem
498 3433 709 3497 constantiam
744 3433 778 3495 in
807 3429 1011 3495 emendandis
1042 3432 1125 3495 vitiis
1156 3432 1272 3496 codicis

171 3531 266 3596 Laur.
289 3534 508 3614 praestitisset,
530 3555 606 3597 nam
621 3534 714 3598 modo
732 3534 878 3611 correxit,
900 3532 994 3596 modo
1009 3533 1147 3616 neglexit
1162 3535 1272 3600 eadem

171 3635 266 3712 vitia,
298 3636 344 3699 ita
364 3642 401 3701 ut
422 3656 488 3699 non
510 3657 625 3719 parvus
648 3637 689 3701 sit
710 3657 859 3701 numerus
881 3655 989 3700 eorum
1010 3621 1181 3716 versuum,
1219 3639 1273 3719 qui

170 3739 248 3802 vitia
271 3739 433 3803 continent
455 3759 535 3821 quae
556 3760 577 3802 a
591 3745 767 3804 correctore
782 3738 904 3822 neglegi
918 3760 983 3803 non
998 3737 1163 3803 debebant.
1208 3739 1273 3804 Ad-

171 3842 283 3922 scripsi
305 3841 440 3924 exempli
462 3862 557 3904 causa
586 3841 758 3906 nonnullos
786 3841 873 3905 locos
900 3862 939 3906 ex
968 3840 1044 3905 Oed.
1088 3841 1196 3924 Rege,
1233 3864 1272 3906 ex

170 3943 285 4026 quibus
315 3943 393 4006 haec
422 3943 619 4026 neglegentia
652 3944 898 4009 luculentissime
930 3950 1086 4026 apparet3
1123 3965 1272 4009 numerus

171 4047 254 4111 enim
275 4045 439 4123 vitiorum,
463 4067 544 4128 quae
566 4047 703 4112 conexit
725 4046 754 4112 S.
778 4047 811 4110 in
834 4047 894 4111 500
916 4046 1040 4124 105010,
1063 4046 1106 4109 30
1127 4047 1193 4126 fere
1215 4053 1272 4126 est,

171 4139 295 4226 eorum,
329 4167 410 4230 quae
432 4149 658 4230 praetermisit,
689 4149 740 4212 21.
784 4148 835 4212 810
856 4171 885 4213 v.
901 4149 941 4212 31
965 4171 985 4214 0
1005 4171 1052 4231 pr.
1076 4171 1117 4213 m.
1140 4148 1271 4232 legitur:

170 4241 227 4334 0οχ
251 4243 430 4332 ἰσούμενον,
453 4249 508 4315 051
530 4242 587 4314 οὐκ
610 4250 810 4316 scribendum
832 4247 1269 4337 1011;0.79προσσείχονσα,

169 4346 502 4438 051ντροςστείχοννο
531 4373 605 4418 vera
626 4354 783 4437 scriptura
805 4358 868 4434 est;
904 4377 932 4420 v.
956 4354 1019 4420 236
1048 4375 1115 4419 000
1135 4353 1272 4419 correxit
