3084 5124
721 481 738 544 7

179 669 306 753 Didymi
334 673 449 752 putant
477 667 601 732 laudari
630 671 899 734 commentarium.
944 672 983 735 of.
1015 673 1111 738 schol.
1140 673 1182 738 ad
1204 675 1277 739 Ant.

177 793 205 835 v.
222 770 294 850 523,
316 770 344 834 i.
364 770 454 834 1326.
476 769 525 834 El.
540 791 568 833 v.
585 767 657 850 232,
679 793 707 834 v.
723 771 797 850 451,
819 795 847 836 v.
862 772 925 835 488
946 776 981 857 ¹).

263 873 392 938 Praeter
413 871 584 956 Didymum
606 878 713 937 autem
734 873 830 939 alium
852 875 972 940 fontem
995 877 1123 942 scholiis
1137 875 1280 944 Lauren?

177 977 274 1041 tianis
294 977 397 1041 inesse
417 975 493 1058 ipsis
523 974 650 1038 scholiis
680 975 880 1055 luculenter,
917 983 954 1042 ut
982 978 1126 1061 equidem
1157 979 1279 1063 opinor,

178 1077 404 1143 demonstravit
426 1074 582 1153 Wolffius,
605 1076 709 1158 qualis
731 1083 837 1142 autem
858 1077 913 1142 ille
934 1079 1044 1159 fuerit,
1067 1102 1132 1146 non
1154 1083 1278 1164 quaesi-

178 1180 231 1243 vit.
275 1178 467 1264 Schmidtius
496 1200 570 1244 vero
599 1179 686 1243 nisus
717 1177 836 1242 scholio
867 1181 909 1244 ad
938 1183 1025 1246 Aiac.
1049 1206 1077 1247 v.
1100 1184 1188 1264 408,
1224 1185 1279 1252 ubi

178 1287 303 1366 praeter
318 1281 488 1365 Didymum
503 1281 577 1346 Pius
593 1281 723 1362 quidam
737 1283 961 1364 grammaticus
979 1285 1170 1365 nominatur,
1193 1287 1278 1353 hune

176 1383 392 1468 ipsum-Pium
413 1382 548 1448 alterum
572 1383 764 1448 scholiorum
786 1383 908 1449 fontem
929 1385 1093 1465 nominat,
1130 1387 1186 1453 sed
1207 1411 1279 1454 cum

178 1486 363 1564 nesciamus
387 1486 458 1567 quis
478 1485 533 1550 ille
555 1486 651 1550 fuerit
674 1490 705 1550 et
727 1507 790 1567 quo
811 1491 953 1569 tempore
976 1488 1105 1568 vixerit,
1127 1488 1188 1554 hoc
1211 1492 1278 1556 solo

178 1589 303 1653 nomine
325 1608 390 1652 non
411 1587 546 1652 multum
568 1589 729 1652 lucramur
745 1589 791 1674 ²);
830 1588 890 1652 hoc
918 1593 1044 1654 tantum
1072 1591 1112 1656 ab
1133 1597 1279 1676 utroque,

178 1689 306 1754 Wolffio
328 1694 359 1754 et
380 1689 565 1767 Schmidtio,
587 1675 673 1755 recte
695 1691 828 1755 sumitur
850 1691 986 1756 alterum
1009 1692 1099 1758 illum
1121 1715 1279 1760 commen·

177 1792 252 1856 tarii
273 1796 434 1856 auctorem
455 1797 559 1856 aetate
582 1813 647 1856 non
668 1792 803 1856 multum
824 1792 942 1858 distare
963 1816 983 1858 a
1003 1794 1148 1881 Didymo.

253 1892 356 1972 vTales
377 1916 449 1958 cum
470 1893 534 1959 sint
555 1893 746 1977 scholiorum
767 1894 1063 1962 Laurentianorum
1075 1897 1195 1978 fontes,
1222 1882 1279 1982 ap-

177 2001 277 2080 paret,
300 2000 457 2078 quantum·
478 1996 523 2060 eis
544 1995 748 2060 tribuendum
769 2003 853 2061 esset
873 1999 1086 2078 auctoritatis,
1109 2000 1170 2065 nisi
1191 2002 1278 2067 aliud

178 2098 349 2176 accederet,
372 2096 457 2179 quod
479 2119 549 2162 eam
571 2119 667 2179 quam
691 2098 827 2163 maxime
849 2099 1033 2166 imminuere
1050 2101 1151 2166 debet.
1197 2103 1278 2168 Nam

178 2207 250 2283 post
282 2200 373 2264 illum
408 2199 633 2278 scholiastam‚
677 2199 732 2281 qui
767 2199 896 2284 Didymi
933 2205 1167 2268 commentariis
1203 2227 1279 2270 usus

178 2302 298 2368 scholia
319 2301 574 2385 adSophoclem
596 2302 781 2384 composuit,
804 2302 866 2368 duo
883 2307 1073 2370 exstiterunt
1087 2307 1278 2373 recentiores

179 2405 390 2483 scholiastae,
428 2421 563 2485 quorum
584 2405 715 2486 vestigia
744 2406 777 2468 in
801 2404 928 2470 scholiis
950 2406 1112 2491 indagavit
1133 2408 1279 2475 Wolffius

178 2507 432 2590 argumentisque
462 2505 617 2589 probavit.
663 2507 724 2571 Sed
753 2529 792 2572 ne
821 2506 901 2572 haec
931 2508 1058 2590 quidem
1087 2510 1280 2578 scholiorum

177 2609 277 2691 copia,
300 2607 403 2690 qualis
426 2608 561 2673 fortasse
583 2608 622 2672 Π.
645 2609 695 2673 vel
716 2609 771 2673 Ill.
795 2610 920 2674 saeculo
940 2633 970 2694 p.
994 2611 1049 2678 Ch.
1074 2614 1208 2692 exstitit,
1230 2614 1279 2678 in-

176 2715 266 2794 tegra
287 2710 378 2775 nobis
402 2714 525 2775 servata
553 2716 609 2775 est.
654 2711 820 2795 Byzantini
850 2712 932 2774 enim
964 2717 1187 2795 grammatici,
1224 2718 1279 2799 qui

176 2813 311 2877 maxime
346 2813 380 2876 in
409 2813 622 2896 »excerpendis
657 2820 799 2878 veterum
835 2817 1115 2895 grammaticorum
1151 2819 1278 2902 scriptis

176 2937 305 3000 operam
325 2921 492 2993 naverunt,
505 2914 575 2981 ¹hoo
599 2915 789 2980 scholiorum
806 2915 1053 2998 Sophocleorum
1077 2941 1192 3003 corpus
1212 2943 1278 2987 non

56 3077 67 3094 ,,
175 3018 332 3082 intactum
353 3018 558 3098 reliquerunt,
582 3017 838 3082 sedsoholarum
860 3017 994 3084 fortasse
1016 3021 1049 3084 in
1072 3043 1173 3101 usum,
1196 3045 1278 3106 quae

176 3120 235 3185 sibi
256 3121 385 3184 maximi
406 3121 557 3184 momenti
579 3141 646 3184 esse
668 3119 866 3197 videbantur,
888 3131 1112 3205 excerpserunt
1133 3131 1229 3207 atque
1244 3127 1278 3190 in

174 3221 301 3286 brevem
329 3222 489 3304 quandam
518 3222 675 3305 epitomen
704 3223 1012 3289 consarcinaverunt.
1056 3226 1168 3308 Itaque
1192 3228 1218 3291 si
1239 3227 1278 3292 il·

175 3325 239 3388 lam
260 3325 411 3402 formam,
440 3345 504 3406 qua
525 3324 616 3389 nobis
639 3323 760 3388 scholia
781 3325 814 3389 in
836 3325 1025 3408 Sophoclem
1047 3335 1171 3394 servata
1193 3336 1277 3408 sunt,

174 3426 334 3509 explicare
354 3426 508 3504 volumus,
531 3447 657 3492 neeesse
679 3432 727 3491 est
749 3430 934 3506 statuamus
956 3433 1198 3512 grammaticum
1219 3431 1278 3496 ali·

175 3549 268 3610 quem
291 3528 420 3606 omnia,
457 3550 539 3610 quae
569 3550 607 3592 ex
627 3534 768 3594 veterum
789 3530 982 3595 scholiorum
1005 3533 1096 3615 copia
1119 3554 1175 3598 suo
1197 3540 1277 3598 tem-

175 3650 251 3714 pore
273 3630 392 3695 relicua
419 3638 533 3709 erant,
571 3631 738 3721 omniaque
760 3631 1003 3715 byzantinorum
1025 3642 1173 3718 excerpta
1194 3636 1277 3700 inter

174 3753 207 3796 se
222 3732 421 3797 coniunxisse
435 3733 485 3797 vel
506 3732 616 3798 addita
638 3733 797 3816 particula
818 3731 854 3798 ds*
876 3741 908 3799 et
929 3724 995 3814 οὖν,
1013 3736 1064 3802 vel
1078 3737 1274 3820 praescripto

174 3827 280 3910 dates
292 3861 303 3914 ,-
339 3834 377 3899 de
406 3856 462 3898 suo
491 3841 597 3900 autem
618 3834 698 3899 nihil
720 3834 903 3917 addidisse,
940 3859 1003 3920 quo
1023 3838 1058 3902 in
1080 3838 1189 3902 labore
1211 3860 1276 3902 non

174 3993 376 4004 —-—-·——-—·

247 4096 266 4164 Ι)
302 4096 337 4149 cf.
355 4113 463 4163 quoque
480 4096 564 4148 schol.
578 4096 613 4148 ad
626 4096 730 4150 Electr.
743 4114 768 4150 v.
784 4098 833 4148 102
852 4101 882 4149 et
894 4096 1029 4150 Dindorfii
1046 4099 1132 4152 verba
1152 4099 1181 4152 in
1200 4099 1275 4154 scho-

175 4182 274 4234 liorum
294 4181 421 4236 editione.
457 4183 526 4237 Tom
544 4184 578 4236 II.
614 4199 641 4251 p.
664 4186 712 4235 118
732 4187 761 4236 et
782 4185 840 4238 121.

244 4270 268 4333 2)
303 4269 419 4332 accedit,
438 4271 511 4338 quod
529 4288 563 4323 ex
579 4271 640 4324 loco
658 4272 743 4325 allato
761 4271 807 4324 vix
826 4272 954 4325 concludi
970 4275 1081 4342 potest,
1106 4272 1184 4326 Pium
1203 4289 1275 4327 com·

175 4356 342 4410 montorium
361 4358 396 4411 ad
414 4356 556 4428 Sophoclis
574 4359 731 4428 tragoedias
749 4358 900 4429 scripsisse.
