3084 5124
698 467 741 530 59

173 657 307 722 maticus
329 656 449 732 statuit,
472 653 672 720 scribendum
695 674 763 719 esse
784 649 1011 730 καὶποκινοῖς,
1035 651 1142 716 dicens
1165 641 1274 713 λείπει
1377 637 1379 652 '

172 748 230 822 cdv
252 753 270 820 ὁ
293 753 364 837 καί,
398 757 480 821 alter
501 777 574 822 vero
597 755 681 820 hanc
703 757 917 820 coniecturam
944 755 1127 837 vituperans
1148 751 1274 833 scripsit

173 882 219 944 γρ.
244 861 381 936 πυκνοῖς
400 860 437 942 1).
481 857 613 924 Videtur
643 858 800 937 statuisse,
828 849 1039 922 differentiam
1060 875 1127 919 esse
1149 858 1275 918 senten·

172 963 236 1027 tiae
257 962 340 1026 inter
360 961 479 1027 formas
502 955 626 1038 πυκνός
647 966 679 1025 et
701 955 857 1037 ποκινός,
879 979 961 1041 quae
991 956 1081 1021 nulla
1102 961 1158 1034 est,
1179 961 1275 1036 atque

174 1071 302 1148 putasse
322 1059 379 1127 τὸν
401 1058 539 1127 ,πυκινόν
559 1062 738 1146 significare
761 1063 945 1145 sapientem,
967 1055 1009 1125 τὰ
1032 1052 1140 1123 πυκνά
1169 1061 1275 1122 autem

173 1167 256 1232 idem
279 1187 354 1245 esse,
383 1165 468 1250 quod
493 1161 535 1229 τὰ
558 1160 676 1230 πολλά.
714 1164 753 1230 cf.
776 1163 926 1249 Hesychii
947 1163 1084 1247 glossas:
1117 1153 1275 1224 neurada.-

173 1264 323 1333 συνετόν·
354 1271 476 1354 συνεχῆ.
522 1262 651 1330 ποκνάι
674 1261 787 1347 ονχνά·
812 1262 944 1332 συνετοί·
967 1259 1086 1328 πολλά.
1125 1263 1277 1336 ’Πυκνοῖς

174 1372 270 1454 igitur
302 1371 402 1436 voluit
431 1370 572 1434 dativum
601 1390 670 1434 esse
703 1371 825 1453 generis
855 1367 996 1434 neutrius
1026 1372 1123 1450 atque
1150 1384 1276 1430 sensum

176 1472 309 1538 habere:
337 1473 370 1536 in
399 1472 508 1536 miultis
537 1472 621 1536 enim
648 1470 742 1537 rebus
772 1469 901 1536 difficile
922 1477 970 1536 est
988 1470 1170 1546 intellectu,
1200 1465 1301 1549 quid¹

176 1574 355 1640 faciendum
388 1575 438 1640 sit.
494 1573 577 1652 Quid
607 1574 647 1640 de
679 1573 740 1638 hac
778 1574 960 1638 coniectura
992 1570 1194 1638 statuendum
1227 1569 1277 1646 sit,

176 1677 313 1762 patet2).

260 1778 332 1842 Non
354 1779 492 1844 melioris
513 1785 609 1844 notae
625 1779 753 1863 Didymi
774 1783 823 1844 est
837 1778 1018 1843 coniectura
1040 1777 1082 1842 ad
1103 1777 1152 1840 El.
1167 1799 1196 1839 v.
1205 1775 1278 1852 233,

176 1882 203 1947 si
226 1882 352 1946 omnino
375 1881 435 1946 hoc
457 1881 600 1946 scholion
623 1901 662 1944 ex
682 1881 767 1946 illius
788 1878 1016 1946 commentario
1039 1877 1147 1944 fluxit:
1169 1870 1277 1942 ἀοίνο-

176 2007 238 2066 μος
259 2005 317 2067 pro
341 1983 457 2058 codicis
479 1983 638 2066 scriptura
654 1975 847 2070 ἀνάριθμος,
872 1982 911 2047 de
933 2002 997 2064 qua
1020 1981 1113 2046 hodie
1134 2001 1198 2046 nen
1221 1979 1279 2045 du-

178 2089 306 2154 bitatur.
351 2085 432 2150 Nam
463 2086 508 2150 sic
536 2083 738 2150 scribendum
764 2106 833 2150 esse
860 2105 919 2168 pro
947 2089 1097 2167 corrnpto
1119 2076 1280 2164 ἅνάνομος

177 2211 216 2254 ex
230 2187 341 2253 addita
355 2189 630 2271 interpretatione:
647 2176 716 2250 οῖον
731 2179 784 2251 οἷοὶ
798 2183 955 2272 νεμομένη
969 2183 1004 2250 ἒν
1019 2178 1140 2263 αὐτοῖς,
1163 2184 1280 2267 optimc

179 2291 337 2356 intellexit
366 2289 584 2355 Schneiderus.
644 2288 783 2354 Offendit
822 2289 958 2372 denique
991 2288 1215 2372 grammaticus
1246 2284 1280 2349 in

177 2399 327 2477 corrupto
357 2392 512 2458 vocabulo
539 2385 647 2477 νηπίῳ
668 2391 717 2454 ΕΙ.
744 2413 772 2455 ν.
799 2391 898 2471 1437;
934 2412 1042 2456 veram
1069 2391 1152 2456 enim
1182 2388 1281 2470 scrip—

177 2503 282 2561 turam
304 2488 429 2583 ἠπίως,
459 2515 542 2577 quae
564 2499 613 2559 est
634 2494 668 2557 in
688 2491 799 2572 Lana,
831 2495 1056 2577 grammaticus
1077 2513 1143 2557 non
1164 2511 1280 2574 cogno-

176 2599 255 2662 visse
276 2598 418 2676 videtum
440 2601 536 2679 atque
558 2594 654 2660 scribi
674 2596 776 2660 voluit
796 2591 929 2682 νήπιον,
959 2602 996 2662 ut
1017 2595 1184 2661 verborum
1204 2610 1281 2657 con·

176 2701 307 2766 structio
331 2699 447 2764 clarior
468 2698 567 2763 fieret.
590 2697 630 2762 cl.
653 2697 751 2762 schol.
775 2697 866 2762 adv.
892 2697 994 2762 1439:
1023 2691 1044 2784 ἢ
1065 2693 1150 2782 πρὸς
1170 2689 1280 2759 αἰτιο-

175 2800 267 2888 τικὴν
287 2801 478 2883 μετακιὲον,
503 2795 589 2886 πρὸς
610 2795 668 2864 τὸν
689 2791 790 2881 ἄνδρα
812 2804 973 2887 συμφέροι
988 2803 1113 2879 τοῦτον,
1137 2793 1183 2874 ὥς
1198 2793 1283 2883 πρὸς

177 2900 295 2990 νήπιον
318 2900 473 2968 ἐννέπειν.
517 2904 624 2985 Atque
646 2901 698 2966 his
720 2902 798 2966 loeis
812 2902 903 2982 illud,
925 2893 1011 2984 quod
1026 2921 1123 2984 supra
1137 2900 1177 2966 de
1192 2898 1283 2965 scho-

176 3007 342 3070 liastarum
363 3005 551 3070 coniectmis
571 3003 650 3082 dixi,
674 3005 751 3068 satis
775 3004 932 3069 munitum
954 3025 1021 3068 esse
1043 3009 1131 3087 puto.

262 3106 323 3172 Sed
344 3127 409 3171 non
430 3112 555 3172 tantmn
577 3107 610 3170 in
633 3106 882 3189 interpretandis
913 3105 1045 3190 singulis
1073 3105 1195 3182 verbis,
1226 3102 1282 3168 sed

176 3212 272 3276 etiam
292 3210 327 3274 in
347 3210 584 3274 constructione
606 3207 773 3274 verborum
789 3208 971 3290 saepissime
986 3207 1157 3272 haeserunt
1178 3227 1283 3289 gram-

177 3312 293 3392 matici,
315 3311 401 3394 quod
423 3311 561 3394 probant
582 3311 815 3388 annotationes,
846 3308 1016 3390 inquibus
1038 3309 1153 3392 legitur
1174 3301 1284 3372 latitat

176 3411 215 3478 τό
237 3414 287 3479 vel
309 3409 420 3478 λείπει
441 3409 480 3500 ἦς
515 3433 587 3477 cum
613 3413 697 3478 enirn
719 3432 842 3494 semper
864 3433 903 3476 ex
925 3431 983 3474 sua
1006 3409 1131 3475 dicandi
1153 3429 1284 3475 consue·

249 3571 269 3637 ¹)
305 3571 378 3624 inter
406 3569 456 3624 has
483 3569 676 3624 annotationes
706 3563 722 3634 ἦ
752 3567 929 3622 inserendum
957 3569 1007 3620 est.
1046 3566 1082 3621 cf.
1105 3565 1204 3621 Trach.
1223 3567 1284 3618 434.

177 3658 220 3711 Αἰ.
235 3659 295 3710 211.
370 3687 372 3692 ·

247 3745 269 3812 ²)
303 3745 356 3798 Sed
375 3761 539 3814 quamquam
549 3743 731 3813 intellegitur,
750 3759 806 3795 non
824 3759 904 3812 posse
923 3735 1010 3808 τούτῳ
1028 3741 1068 3794 ita
1087 3737 1228 3808 explicari,
1249 3741 1281 3790 ut

178 3831 326 3886 scholiasta
343 3831 437 3899 voluit,
458 3849 520 3884 oum
539 3833 567 3885 in
585 3831 724 3900 prioribus
743 3831 867 3884 versibus
886 3831 963 3883 nulla
982 3828 1086 3882 mentio
1100 3825 1189 3881 Ulixis
1209 3823 1285 3878 facta

178 3920 222 3988 sit,
240 3925 334 3974 tamen
351 3921 427 3972 recte
444 3919 512 3972 mihi
530 3919 640 3973 videtur
658 3919 854 3988 grammaticus
872 3936 896 3971 v.
910 3918 971 3971 854.
989 3934 1039 3984 per
1063 3932 1092 3967 se
1114 3914 1285 3968 intellexisse

178 4011 207 4060 ct
224 4010 249 4078 el
267 4024 330 4060 cum
348 4007 486 4074 prioribus
505 4007 692 4074 coniunxisse,
712 4009 795 4074 atque
813 4022 938 4071 sensum,
964 4003 1016 4057 etsi
1040 4002 1160 4057 concedo
1183 4019 1239 4054 non
1256 4019 1284 4056 o-

178 4095 303 4164 ptimum,
323 4097 415 4148 tamen
426 4093 576 4162 meliorem,
594 4111 676 4162 quam
688 4093 854 4161 interpretes
867 4091 955 4146 nostri
966 4089 1105 4158 temporis¹
1116 4088 1145 4141 in
1164 4088 1207 4141 his
1223 4107 1282 4142 ver·-

178 4182 220 4235 bis
232 4183 321 4236 inesse
330 4182 472 4250 putarunt,
491 4180 661 4248 habebimus,
675 4179 841 4234 scribentes:
855 4176 946 4237 ἒξιδοῠ
955 4172 1030 4234 ὅπως
1039 4170 1187 4246 πράξεις-
1198 4173 1283 4228 οἶσθα

185 4265 239 4340 γὰρ
257 4259 294 4320 ὧν
319 4267 366 4338 (cf.
384 4267 511 4322 Dindorf.
529 4267 564 4321 ad
581 4265 609 4320 h.
621 4268 651 4335 l.)
670 4264 798 4336 αὐδῶμαν
816 4295 849 4304 -
873 4268 898 4318 εἰ
919 4259 1022 4318 ταύταν
1044 4257 1147 4316 τούτων
1169 4259 1283 4334 γνώμαν

179 4359 280 4426 ἴσχεις·
299 4350 374 4425 μάλα
392 4369 435 4406 τοι
451 4355 509 4406 κτλ.
773 4363 775 4368 ’
