3084 5124
649 518 695 581 21.

119 708 307 774 recentiori“
328 705 449 782 tribuit,
472 727 570 787 quare
591 705 671 770 illud
693 706 774 771 sicut
796 706 832 770 O.
848 706 884 770 0:
904 730 931 769 v.
949 707 1011 772 204
1023 712 1065 772 et
1086 707 1229 772 aonia:

117 818 165 876 ter
185 809 291 875 varias
313 809 463 874 lectiones
486 809 673 890 antiquioris
696 831 807 874 manus
830 809 940 888 retuli,
969 809 1091 875 librarii
1113 831 1228 876 errore·

118 935 156 991 ex
177 911 295 977 codicis
315 909 474 993 scriptura
494 911 547 975 vix
568 911 644 975 oriri
665 912 778 995 potuit,
800 932 900 994 quare
918 933 983 976 non
998 911 1119 990 dubito,
1141 913 1219 995 quin

117 1037 137 1080 a
158 1013 365 1099 grammatico
387 1013 420 1075 in
441 1035 501 1078 usu
522 1012 610 1078 verbi
632 1008 738 1078 πάλαι
761 1013 915 1079 derebus
937 1015 1033 1080 modo
1054 1014 1148 1079 factis
1172 1014 1227 1080 os··
1325 1071 1329 1074 .

118 1116 265 1181 tendente
285 1114 448 1179 inventum
470 1115 519 1178 sit.
565 1114 712 1182 Fortasse
743 1117 943 1182 coniecturae
971 1138 1096 1200 quoque
1116 1115 1218 1183 tribu-

117 1218 199 1284 enda
229 1223 277 1282 est
308 1217 396 1282 varia
424 1217 517 1282 lectio
547 1218 590 1282 ad
611 1217 723 1284 Trach.
746 1243 774 1284 r.
796 1219 859 1282 497
888 1217 972 1302 μέγα
998 1243 1032 1283 τι
1054 1215 1219 1294 coboea

116 1320 291 1403 adscripta:
313 1341 360 1406 γρ,
376 1317 459 1402 μέγα
480 1341 513 1382 τι
536 1318 711 1400 σθένουσα,
734 1343 809 1387 nam
832 1322 981 1386 librarius
1004 1318 1152 1385 σθένοσα
1174 1320 1219 1399 le·

116 1444 192 1507 gens
214 1422 326 1488 merito
346 1423 379 1486 in
400 1423 461 1488 hoo
482 1421 637 1486 vacabulo
660 1421 790 1488 offendit
811 1430 907 1505 atque
928 1423 1062 1487 mutavit
1076 1419 1217 1488 σθένου-

119 1546 170 1606 σα,
193 1547 256 1590 non
278 1523 573 1589 animadvertense
595 1524 763 1590 articulum
786 1547 853 1591 esse
875 1531 906 1590 et
928 1522 970 1590 ad
993 1520 1127 1610 Κύπρις
1147 1547 1219 1610 per-

118 1628 227 1692 tinere.
1104 1687 1105 1690 ,

202 1728 302 1794 Multo
324 1730 425 1795 maior
447 1736 552 1794 autem
583 1750 657 1812 pars
686 1730 897 1794 mutationum
924 1731 965 1796 ab
987 1731 1228 1813 antiquioribus·

116 1830 261 1896 manibus
290 1831 447 1897 factarum
474 1833 646 1897 certissime
678 1855 716 1898 ex
745 1832 816 1897 aliis
839 1831 1001 1897 codicibus
1023 1833 1140 1898 hausta
1161 1840 1222 1915 est,

115 1931 200 2015 quod
235 1933 390 2016 imprimis
425 1933 646 1999 demonstrant
672 1957 780 2000 versus
809 1934 929 1998 additi:
955 1934 1001 1998 0.
1025 1934 1058 2000 C.
1081 1956 1110 2000 v.
1136 1935 1226 1999 1256:

115 2036 237 2114 „serius
259 2035 293 2100 in
314 2036 456 2118 margine
478 2035 625 2101 additus“
654 2043 686 2101 et
714 2036 762 2100 El.
785 2059 814 2100 v,
840 2035 921 2111 1498
945 2041 977 2100 et
998 2037 1040 2100 99
1071 2036 1132 2115 „ab
1154 2037 1219 2101 alia

115 2159 232 2216 „manu
254 2137 386 2220 antiqua
408 2138 440 2200 in
463 2139 532 2220 ipso
551 2143 642 2204 textu
657 2139 765 2220 scripti
782 2143 856 2203 sunt
870 2139 967 2203 erasis
983 2139 1116 2218 duobuS,
1138 2160 1218 2221 quos

115 2241 239 2324 „prima
259 2261 372 2305 manus
395 2241 582 2324 scripserat,
618 2240 776 2318 versibus,
809 2261 889 2322 quos
912 2240 1038 2305 eosdem
1060 2241 1157 2306 fuisse
1179 2263 1218 2306 ex

13 2409 14 2416 ,
115 2343 259 2427 „syllaba
281 2363 338 2422 oo,
363 2341 506 2424 quaeda
529 2343 649 2423 primae
672 2363 786 2406 manus
808 2344 966 2426 scriptura
989 2347 1148 2424 superest,
1171 2343 1220 2424 in-

13 2527 14 2536 ¹
116 2445 325 2528 ‚,tellegitur.“
368 2444 411 2508 At
424 2465 554 2528 prorsus
575 2444 751 2526 ineptiisset
772 2444 932 2523 librarius,
956 2444 982 2508 si
996 2465 1115 2521 versus,
1139 2441 1233 2526 quos

13 2617 14 2620 Ἴ
114 2548 148 2611 in
169 2546 263 2611 Laur.
285 2547 362 2630 legit
384 2544 424 2610 ob
446 2568 516 2611 eam
537 2550 663 2610 tantum
685 2568 813 2611 oausam
836 2547 998 2623 erasisset,
1028 2552 1064 2611 ut
1084 2546 1157 2611 illos
1179 2547 1218 2611 de

13 2665 15 2710 ι
114 2669 196 2713 novo
218 2647 354 2713 scribere
376 2655 503 2731 posset3
540 2669 639 2732 quare
661 2670 725 2713 non
747 2648 877 2713 dubium
900 2669 967 2712 esse
989 2652 1110 2730 potest,
1140 2648 1227 2730 quin·

13 2751 14 2754 ’
115 2750 262 2814 librarius
292 2751 325 2814 in
354 2751 461 2816 codice
493 2773 512 2816 a
535 2773 568 2815 se
591 2751 718 2816 conlato
740 2751 836 2815 aliam
858 2770 1003 2815 versuum
1027 2751 1217 2832 scripturam

115 2853 282 2930 invenerit,
311 2875 407 2935 quam
429 2853 527 2919 litura
548 2853 634 2918 facta
657 2854 690 2918 in
713 2853 781 2937 ipso
803 2857 894 2916 textu
916 2852 1093 2935 scripserit,
1115 2872 1218 2934 neque

116 2955 237 3040 syllaba
263 2976 304 3019 oo
340 2977 359 3020 a
396 2977 442 3038 pr.
472 2978 512 3020 m.
543 2957 661 3038 scripta
698 2953 773 3019 huic
808 2953 997 3019 contradicit
1032 2954 1217 3032 sententiae,

117 3058 201 3122 hanc
223 3059 306 3122 enim
328 3079 392 3122 non
415 3060 520 3135 erasit,
543 3079 583 3122 ne
605 3055 732 3122 eaedem
755 3057 865 3123 literae
886 3057 935 3121 bis
958 3057 1017 3121 sibi
1032 3055 1226 3142 scribendas

113 3166 227 3225 esseut.
271 3159 438 3224 Praeterea
460 3166 566 3224 autem
587 3167 772 3243 argumento
795 3166 878 3237 sunt,
900 3160 1059 3242 permulta
1079 3158 1176 3223 verba
1196 3161 1221 3222 a

112 3284 153 3327 m.
177 3267 243 3326 aut.
267 3261 385 3341 addita,
408 3283 490 3344 quae
511 3262 613 3345 prima
636 3283 748 3326 manus
770 3267 827 3326 aut
848 3261 954 3326 omisit
975 3262 1085 3326 autin
1108 3260 1216 3326 codice
1328 3288 1331 3298 ·

112 3385 170 3428 suo
192 3383 258 3426 uon
288 3365 414 3446 reperit.
459 3365 498 3429 cf.
522 3364 558 3428 0.
580 3365 617 3428 R.
640 3386 667 3428 v.
694 3364 769 3427 166:
806 3359 861 3426 καὶ
890 3365 923 3428 in
952 3365 1095 3446 margine
1125 3384 1145 3427 a
1175 3385 1215 3427 m.

112 3472 196 3543 ant.;
231 3487 260 3529 v.
284 3465 346 3528 349
374 3457 458 3532 εἶναι
487 3489 507 3531 a
535 3489 576 3531 m.
599 3472 664 3530 ant.
685 3464 847 3544 additum3
878 3488 906 3529 v.
932 3465 1015 3528 1330
1035 3465 1138 3530 τελῶν
1159 3464 1217 3549 ad·

112 3567 193 3632 didit
214 3587 255 3630 m.
279 3572 344 3631 ant.
366 3571 391 3652 ¹)
423 3574 456 3633 et
483 3568 581 3634 verba
611 3569 735 3632 inverso
763 3569 872 3634 ordine
894 3567 1062 3633 conlocata
1082 3567 1163 3632 Phil.
1186 3590 1214 3631 v.

111 3738 176 3803 859
199 3730 300 3824 ἅλεὴσ
321 3734 449 3804 &catto
471 3689 588 3819 tiemo,
611 3741 721 3806 literae
735 3735 765 3823 β
781 3745 813 3806 et
827 3736 856 3804 α’
872 3740 913 3805 ab
928 3739 958 3806 S.
974 3739 1103 3806 relaba
1118 3760 1215 3802 manu

110 3840 298 3923 antiquiore.

199 3943 332 4008 Omnem
361 3941 496 4027 denique
525 3945 755 4011 dubitationem
784 3944 901 4008 lollunt
923 3942 1004 4019 loci,
1040 3942 1154 4024 quibus
1177 3963 1230 4014 ea„

185 4239 206 4307 ¹)
241 4238 276 4292 cf.
301 4242 445 4307 praeterea
469 4240 499 4293 Ο.
518 4239 547 4293 C.
565 4257 589 4293 v.
610 4237 660 4290 744
686 4234 761 4306 ἀλγῶ
784 4236 858 4289 inter
881 4235 975 4289 versus
995 4236 1029 4288 ab
1049 4236 1084 4288 al.
1102 4253 1139 4287 m.
1157 4238 1215 4288 ant.

109 4327 178 4381 Ant.
201 4345 228 4380 v.
250 4326 301 4378 507
324 4323 397 4396 δρᾶν
421 4343 437 4378 a
459 4344 495 4379 m.
515 4324 705 4394 antiquissima
728 4321 862 4376 additum.
899 4322 941 4377 ni.
960 4342 986 4377 v.
1005 4324 1056 4375 518
1077 4315 1112 4374 ἄν
1129 4322 1214 4376 inser·

109 4417 206 4468 tuma
227 4417 338 4468 mant.
375 4431 399 4468 v·
420 4412 566 4488 706y3luoe
584 4406 638 4482 γὰρ
656 4429 673 4466 a
691 4429 727 4465 m.
746 4413 803 4466 ant.
1234 4407 1237 4420 ’
