3084 5124
818 445 860 510 46

290 635 414 718 pravati
437 633 554 699 fuerint
576 633 715 711 codices,
738 633 852 714 quibus
873 633 1064 714 solrpliastae
1086 634 1135 696 usi
1158 639 1240 698 sunt.
1286 634 1389 714 Atque

289 757 324 800 re
353 757 428 799 vera
457 735 630 826 permultos
662 735 749 798 locos
777 739 886 816 aperte
916 741 1081 816 corruptos
1112 736 1311 817 grammatici
1343 735 1390 798 illi

290 837 401 902 eadem
422 836 525 900 forma
546 837 709 919 legerunt,
746 857 808 917 qua
831 857 922 900 -nuno
951 843 1077 900 exstant
1102 837 1137 899 in
1167 837 1274 902 codice
1295 836 1388 900 Laur.

290 939 439 1004 Attamen
469 939 523 1019 qui
551 939 710 1021 putaverit
738 939 821 1002 hanc
853 937 892 1004 ob
919 958 1047 1002 causam
1076 937 1196 1002 nullam
1228 960 1266 1002 ex
1295 938 1389 1001 variis

290 1039 478 1104 lectionibus
496 1040 530 1103 in
552 1040 680 1104 scholiis
704 1041 834 1104 servatis
856 1039 994 1104 fructum
1016 1041 1135 1123 percipi
1156 1060 1258 1123 posse,
1281 1041 1390 1104 certis-

172 1228 176 1234 ,
291 1143 367 1206 sime
389 1141 489 1205 falsus
511 1147 567 1206 est.

375 1243 419 1308 Ut
446 1245 548 1308 omnis
578 1243 822 1308 scholiastarum
851 1242 996 1308 doctrina
1026 1264 1065 1307 ex
1091 1248 1231 1308 veterum
1253 1245 1391 1309 Alexan·

290 1345 452 1410 drinorum
482 1347 760 1428 grammaticorum
791 1349 823 1408 et
851 1343 977 1426 Didymi
1012 1346 1245 1409 commentariis
1275 1346 1391 1410 hausta

289 1453 348 1525 est,
370 1449 415 1512 ita
436 1449 543 1512 variae
565 1467 690 1527 quoque
713 1446 873 1523 lectiones,
896 1447 955 1509 etsi
976 1467 1040 1511 non
1056 1467 1173 1524 omnes,
1195 1453 1302 1510 tamen
1318 1447 1389 1529 plu-

289 1549 388 1613 rimae
410 1549 519 1614 eadem
542 1553 675 1613 utuntur
696 1549 896 1626 auctoritate,
918 1555 950 1612 et
972 1569 1166 1631 quamquam
1187 1549 1297 1630 paucis
1318 1556 1390 1612 tan-

289 1657 356 1714 tum
380 1651 457 1714 locis
480 1651 532 1714 hic
554 1650 625 1714 fons
648 1650 774 1714 disertis
803 1650 906 1714 verbis
934 1650 1084 1714 laudatur
1105 1653 1151 1735 ¹),
1188 1654 1295 1714 tamen
1325 1671 1389 1713 non

290 1751 420 1816 dubium
436 1751 540 1817 'rideri
562 1756 682 1835 potest,
710 1753 787 1831 quin
809 1751 872 1815 illis
894 1772 1018 1832 quoque
1042 1751 1134 1830 locis,
1157 1751 1212 1816 ubi
1233 1751 1320 1829 τινὲς
1341 1774 1388 1835 γρ.

292 1854 356 1938 (Tr.
379 1877 407 1917 v.
433 1853 546 1938 1275),
575 1849 657 1918 ἔνιοι
680 1850 716 1916 δὲ
736 1875 782 1937 γρ.
807 1853 871 1936 (Tr.
893 1877 921 1917 v.
946 1853 1039 1936 791),
1068 1846 1143 1916 ὅσοι
1166 1850 1202 1917 δὲ
1225 1876 1271 1939 γρ.
1298 1855 1386 1937 (Ant.

289 1977 317 2019 v.
340 1957 438 2041 970),
475 1950 507 2020 oi
530 1953 590 2038 μὲν
611 1994 651 2004 -
675 1948 706 2018 oi
730 1954 765 2018 oc
787 1977 833 2039 γρ.
866 1955 960 2038 (Phil.
982 1977 1011 2018 v.
1034 1954 1131 2035 425),
1168 1956 1252 2022 idern
1275 1957 1388 2020 fonsa

290 2057 469 2120 scholiastis
491 2057 687 2140 respiciatur.
731 2054 814 2121 Num
837 2062 943 2120 autom
964 2057 1021 2120 illa
1044 2076 1168 2137 quoque
1191 2058 1327 2136 scholia,
1356 2060 1389 2122 in

290 2160 404 2242 quibus
432 2159 521 2224 varia
550 2158 706 2239 quaedam
733 2158 827 2222 lectio
849 2157 917 2222 sola
939 2157 1018 2240 sigla
1040 2180 1086 2242 γρ.
1110 2163 1142 2222 et
1163 2159 1272 2223 addita
1293 2161 1390 2224 inter-

290 2263 467 2345 pretatione
489 2259 636 2338 affertur‚
666 2281 704 2324 ex
723 2260 1003 2350 'grammaticorum
1026 2263 1276 2339 commentariis,
1307 2283 1349 2326 an
1371 2284 1391 2326 a

291 2364 471 2428 scholiastis
493 2384 532 2427 ex
553 2363 630 2445 ipsis
655 2362 814 2427 codicibus
836 2368 941 2426 sumta
962 2362 1034 2439 sint,
1057 2363 1110 2425 vix
1126 2362 1261 2427 discerni
1275 2369 1389 2446 potest.

291 2465 363 2531 Uno
383 2472 509 2530 tantum
530 2464 621 2542 loco,
655 2469 808 2546 quantum
830 2463 975 2544 equidem
997 2463 1078 2541 scic,
1110 2463 1144 2528 Ο.
1168 2464 1201 2528 0.
1224 2488 1251 2528 v.
1275 2466 1338 2529 390
1360 2473 1391 2530 et

290 2561 496 2652 ἀντιγράφων
532 2572 563 2630 et
597 2559 957 2652 ὑπομνηματισαμένων
993 2567 1183 2630 auctoritate
1218 2566 1390 2632 scholiasta

290 2669 399 2732 utitur.
444 2668 633 2750 Ambiguum
659 2688 784 2749 quoque
812 2667 911 2732 rideri
940 2673 1067 2750 potest,
1103 2689 1180 2731 num
1208 2668 1272 2732 illis
1302 2669 1389 2744 locis,

291 2770 345 2834 ubi
373 2771 462 2835 varia
490 2771 584 2834 lectio
613 2791 685 2834 cnm
707 2772 787 2854 sigla
809 2793 855 2856 γρ.
879 2775 911 2834 et
932 2770 1042 2834 addita
1062 2770 1323 2851 interpretatione
1345 2771 1388 2836 le-

292 2877 401 2954 gatur,
424 2872 504 2954 sigla
524 2872 581 2936 illa
603 2872 666 2935 iarn
688 2893 707 2936 a
729 2873 900 2936 scholiasta
921 2872 1040 2954 scripta
1062 2873 1118 2950 sit,
1148 2891 1190 2935 an
1212 2894 1232 2935 a
1254 2873 1388 2937 scholio-

290 2995 361 3038 rum
382 2978 565 3055 excerptore
586 2974 635 3037 vel
658 2994 711 3052 eo,
742 2975 797 3054 qui
818 2973 938 3037 scholia
960 2973 1112 3056 conlegit,
1141 2974 1268 3053 addita,
1303 2983 1389 3058 post

290 3095 385 3157 quarn
407 3074 460 3138 ille
483 3072 705 3138 animadvertit
725 3075 757 3138 in
782 3074 908 3138 scholiis
930 3077 1027 3139 aliam
1046 3076 1196 3158 explicari
1212 3076 1388 3154 lectionem,

290 3197 386 3259 quam
408 3196 489 3258 quae
510 3176 543 3239 in
566 3175 673 3240 codice
695 3175 826 3258 legatur.
871 3176 962 3242 Certe
984 3179 1029 3256 ei,
1063 3178 1117 3259 qui
1139 3178 1261 3242 scholia
1283 3179 1388 3244 conle-

291 3279 345 3362 git,
367 3298 431 3343 non
453 3277 659 3356 scholiastae,
685 3277 818 3343 debetur
839 3285 915 3344 nota
936 3281 1043 3344 variae
1065 3278 1209 3345 lectionis
1231 3281 1272 3345 ad
1295 3281 1330 3346 Ο.
1354 3281 1386 3346 0.

289 3403 318 3444 r.
345 3380 421 3460 134,
451 3400 531 3461 qnae
552 3381 586 3443 in
607 3379 718 3444 medio
733 3380 852 3444 scholio
874 3381 1008 3464 legitur,
1040 3403 1086 3465 γρ.
1110 3375 1203 3446 οὐδὲν
1226 3379 1385 3462 λιάζοντα,

290 3503 365 3548 nam
386 3503 467 3564 quac
488 3481 597 3546 addita
618 3487 665 3546 est
687 3483 870 3565 explicatio:
896 3476 968 3546 ἀντὶ
990 3486 1048 3546 τοῦ
1070 3476 1128 3546 οὐκ
1152 3481 1386 3566 ἕντρεντόμενον

290 3575 311 3650 ii
332 3580 492 3672 προσήκει
513 3592 620 3667 aperte
651 3584 820 3648 adversm
842 3586 876 3648 in
898 3585 1004 3650 codice
1035 3591 1191 3650 servatam
1221 3587 1387 3653 lectionem

290 3689 427 3771 pertinet
449 3678 556 3767 (οὐδὲν
578 3682 721 3768 dicero),
746 3691 777 3749 et
790 3687 879 3750 varia
892 3688 950 3751 illa
964 3688 1067 3765 lectio,
1091 3708 1172 3768 quae
1186 3689 1236 3752 vel
1251 3691 1387 3753 maxime

289 3797 390 3856 metro
405 3788 594 3872 refragatur,
611 3811 649 3853 ex
664 3789 831 3852 manifesto
848 3789 971 3853 librarii
992 3810 1098 3854 errore
1113 3797 1184 3854 orta
1200 3797 1256 3855 est.
1299 3791 1386 3856 Idem

267 3887 271 3894 ’
290 3892 384 3956 homo
407 3890 596 3956 scholiastae
611 3890 809 3954 annotationi
828 3889 869 3954 ad
886 3890 959 3954 Ant.
970 3913 998 3955 v.
1013 3891 1075 3954 765
1097 3886 1142 3968 ὡς
1161 3887 1269 3980 μαίνῃ,
1294 3890 1385 3980 φησί,

290 3989 382 4078 παρὰ
402 3995 473 4069 τοῖς
495 3987 606 4078 φίλοις
626 3991 694 4056 κτλ.
718 3991 921 4074 praescripsit
942 4014 988 4077 γρ.
1004 3988 1122 4080 μαίνῃς
1144 4015 1181 4059 eo
1203 3996 1285 4059 enim
1308 4001 1388 4060 tem·

290 4115 383 4178 pore,
406 4114 469 4175 quo
490 4093 544 4158 ille
565 4093 686 4160 scholia
708 4094 858 4176 conlegit,
878 4115 954 4158 vera
976 4095 1149 4178 scriptura,
1176 4117 1271 4178 quam
1294 4096 1386 4160 scho-

302 4235 507 4246 .....----—-—

362 4313 890 4384 qmmwmmmmffi
