3084 5124
683 451 725 517 33

155 640 329 708 ΛΠΤΩΝ
340 637 491 704 scriberet
506 637 716 720 ΛΤΙΣΩΝ,
738 636 823 718 quod
838 635 906 701 fieri
920 637 1059 718 potuisse
1081 658 1145 702 non
1159 657 1255 720 nega-

153 743 261 819 verim,
284 747 391 805 tamen
413 748 542 823 propter
565 745 746 823 sequentem
767 739 1008 820 explicationem
1023 733 1160 823 ὑβρίζων
1175 739 1256 804 mal-

153 844 215 908 lem
237 849 406 924 utrumque
427 843 616 908 vocabulum
638 864 709 906 cum
721 839 850 906 Wolffio
871 841 904 907 in
926 841 1102 922 glossarum
1123 861 1255 908 numero
1330 925 1333 931 Ι

155 945 329 1010 existimari
348 946 384 1028 ¹).
439 944 546 1026 Neque
576 944 670 1010 aliter
699 942 901 1008 statuendum
929 942 1054 1008 videtur
1081 943 1120 1006 de
1148 943 1195 1006 Ai.
1226 966 1254 1008 v.

159 1047 258 1124 1233,
295 1045 351 1110 ubi
378 1046 420 1110 ad
450 1041 603 1127 διωμόσω
632 1067 679 1130 γρ.
706 1039 843 1128 διωρίζω
865 1043 905 1110 ab
926 1044 956 1108 S.
980 1044 1177 1127 adscriptum
1199 1051 1256 1123 est,

155 1131 385 1230 quodlnliquis
413 1169 452 1210 ex
485 1146 606 1213 tradita
634 1143 768 1212 lectione
798 1151 982 1227 corruptum
1012 1167 1079 1212 esse
1107 1146 1257 1215 arbitrari

155 1255 279 1332 potest,
311 1249 367 1314 sed
388 1255 530 1332 praestat
551 1248 702 1313 Lobeckii
723 1248 913 1342 explicatio,
952 1249 1006 1329 qui
1028 1249 1062 1312 in
1083 1247 1139 1312 illo
1160 1249 1256 1312 verbo

154 1352 312 1434 glossema
340 1352 507 1434 agnoscit;
544 1358 640 1432 atque
669 1351 715 1416 ita
743 1372 789 1434 γρ.
815 1345 972 1436 δυσμενής
1000 1349 1043 1413 ad
1070 1349 1119 1413 El.
1141 1371 1169 1414 v.
1194 1350 1256 1422 929

154 1452 284 1518 verbum
298 1449 451 1538 δυσχερής
462 1453 657 1535 adscriptum
668 1453 802 1517 fortasse
817 1451 940 1516 librarii
955 1471 1061 1515 errore
1073 1457 1257 1533 corruptum

157 1562 222 1634 est,
252 1555 307 1620 sed
329 1575 401 1620 cum
423 1555 665 1637 explicationem
686 1556 849 1619 contineat
868 1554 1005 1620 traditae
1027 1553 1188 1631 lectionis,
1218 1575 1257 1618 ox

157 1658 344 1738 glossemate
365 1656 470 1739 potius
493 1662 597 1721 ortum
619 1678 687 1722 esse
709 1657 842 1721 videtur.

241 1759 404 1825 Postremo
433 1759 503 1822 loco
532 1758 604 1823 illos
634 1759 729 1824 verbo
757 1763 881 1827 tantum
909 1777 1118 1824 commemoro
1140 1778 1258 1836 versus,

156 1861 190 1926 in
220 1861 333 1942 quibus
362 1860 446 1943 quod
472 1881 557 1926 nuno
585 1860 619 1923 in
641 1865 730 1924 textu
752 1859 866 1941 legitur
887 1859 1027 1936 verbum,
1049 1859 1205 1940 glossema
1226 1864 1259 1923 et

157 1961 243 2042 quod
264 1961 294 2026 S.
317 1961 486 2044 adscripsit
512 1963 681 2044 genuinam
704 1982 771 2025 esse
792 1961 968 2042 lectionem,
990 1960 1136 2028 nonnulli
1157 1961 1259 2026 homi-

145 2084 213 2128 ·nes
236 2063 321 2128 docti
343 2064 592 2141 contenderunt,
628 2063 668 2130 de
697 2063 811 2145 quibus
833 2068 943 2144 postea
964 2063 1143 2128 accuratius
1167 2062 1258 2128 nobis

155 2163 322 2230 dicendum
345 2166 425 2244 erit,
458 2187 566 2232 versus
588 2165 658 2231 dico
680 2166 728 2228 Αἰ.
751 2164 834 2228 582:
867 2159 997 2250 πήματι
1019 2185 1064 2248 γρ.
1088 2161 1258 2250 τραύματι.

155 2265 205 2330 Ε1.
228 2266 309 2332 9221
331 2261 412 2330 ὅποι
432 2262 560 2353 γνώμης
581 2266 672 2353 φέρει
693 2288 740 2351 γρ.
764 2261 852 2352 ἔφυς.
876 2265 925 2329 El.
945 2267 1043 2330 1101:
1068 2259 1189 2352 ἱστορῶ
1210 2289 1256 2353 γρ,

155 2362 316 2450 peccarim.
340 2367 389 2433 El.
415 2368 515 2433 1450:
538 2365 673 2434 δίδασκέ
692 2392 735 2451 με
756 2390 804 2454 γρ.
826 2362 1020 2453 princepae,
1044 2369 1158 2449 quibus
1179 2369 1258 2432 locis

155 2470 241 2552 quod
262 2470 296 2536 in
315 2491 363 2554 γρ.
379 2471 494 2554 legitur
514 2472 655 2551 verbum,
669 2477 811 2554 apertam
827 2469 967 2535 continet
981 2470 1135 2552 genuinae
1150 2471 1259 2536 lectio-

155 2573 205 2636 nis
227 2572 477 2655 explicationem.

241 2673 316 2756 His¹
346 2696 426 2756 quae
448 2673 531 2740 falso
552 2679 707 2757 putantur
727 2676 833 2740 variae
855 2677 1026 2756 lectiones,
1063 2699 1117 2742 eas
1145 2677 1259 2742 adiun-

154 2798 238 2859 gam,
261 2797 342 2857 quae
365 2777 459 2842 simili
481 2776 684 2840 librariorum
706 2776 841 2842 stultitia
862 2800 901 2842 ex
923 2780 1091 2862 adscriptis
1106 2779 1257 2861 exemplis

155 2884 244 2943 ortae
274 2884 377 2956 sunt‚·
404 2879 442 2942 de
472 2877 588 2960 quibus
619 2878 734 2961 optime
764 2879 844 2944 dixit
865 2879 1011 2945 Wolffius
1034 2903 1063 2964 p.
1080 2881 1164 2959 212,
1202 2901 1257 2945 sex

154 2980 308 3045 eiusmodi
336 2981 422 3044 locos
453 2977 596 3044 afferens.
660 2980 710 3044 Ad
745 2980 806 3044 hoc
841 2987 948 3047 autem
978 2987 1074 3066 caput
1101 2981 1258 3047 referendi

155 3087 231 3146 sunt
257 3083 298 3147 ab
327 3081 357 3148 S.
379 3082 490 3146 allati:
525 3082 560 3147 0.
582 3083 619 3146 R.
641 3106 670 3147 v.
698 3082 779 3146 1529
808 3081 909 3169 μηδὲν
936 3077 1078 3168 ὅλβίζειν
1109 3080 1189 3170 πρὶν
1217 3075 1257 3147 dv

154 3207 201 3270 γρ,
226 3179 336 3248 πάντα
365 3183 549 3270 προςδοκᾷν
576 3179 636 3262 ἕως
658 3176 705 3246 dv.
750 3186 797 3252 Αἰ.
821 3207 849 3248 1.
873 3186 913 3249 51
944 3182 1025 3268 digena
1053 3209 1100 3272 γρ.
1132 3180 1255 3272 παρών,

155 3286 241 3368 quod
263 3307 302 3350 ex
324 3286 467 3369 exemplo
489 3308 528 3350 ex
554 3287 691 3351 eiusdem
714 3286 842 3351 fabulae
863 3309 892 3352 v.
911 3287 991 3352 1131
1017 3289 1177 3372 adscripto
1199 3279 1257 3352 oda

155 3384 212 3472 ε’ᾄς
232 3383 381 3454 θάπτειν
402 3384 517 3474 παρών
540 3394 644 3452 ortum
665 3388 797 3452 videtur.
842 3389 890 3454 ni.
913 3413 941 3454 v.
965 3390 1029 3454 650
1058 3381 1095 3467 ὃς
1116 3386 1158 3454 τὰ
1181 3381 1257 3453 δείν’)

154 3486 345 3576 ἐκαρτέρουν
376 3484 452 3554 τότε
482 3510 529 3574 γρ.
562 3482 758 3576 cancellar?
789 3486 880 3577 ἔντη,
918 3492 1003 3576 quod
1034 3492 1150 3574 optime
1180 3491 1257 3553 oriri

153 3591 258 3672 potuit
282 3612 320 3656 ex
342 3591 502 3673 adscripto
527 3592 679 3674 exemplo,
702 3591 751 3656 ai.
767 3615 795 3656 1.
813 3593 875 3658 312
897 3593 939 3657 τὰ
962 3586 1038 3658 δείν’
1059 3584 1256 3679 ἐπηπείλησ’

153 3687 219 3778 ἔπη
237 3693 276 3777 2).
320 3693 361 3756 Et
383 3693 467 3775 quod
488 3692 571 3775 fugit
591 3691 769 3774 Wolffium‚
798 3695 860 3758 huc
881 3695 1039 3778 pertinere
1060 3689 1183 3761 videtur
1205 3693 1254 3756 El.

225 3895 244 3962 ¹)
280 3891 376 3952 ἀτίζων
393 3911 448 3946 non
467 3909 525 3946 esse
544 3893 730 3947 coniecturam
749 3895 930 3963 grammatici,
950 3893 1024 3962 quod
1035 3892 1193 3948 Dindorfius
1205 3909 1254 3961 pu·

153 3979 231 4047 tavit,
249 3984 325 4033 recte
344 3981 488 4033 contendit
505 3980 653 4034 Nauckius.

223 4066 245 4133 ²)
280 4084 336 4119 non
360 4071 451 4119 autern
476 4070 552 4119 recte
575 4068 681 4119 iudicat
701 4067 825 4119 Wolffius
852 4067 886 4120 de
910 4065 1146 4119 reconstructione
1173 4065 1255 4120 huius

153 4153 277 4220 corrupti
300 4153 405 4222 scholii,
428 4157 571 4221 cumpost
596 4150 651 4223 πρὸ
669 4157 720 4203 τοῦ
737 4155 767 4207 in
784 4155 844 4207 cod.
862 4154 935 4207 Flor.
956 4154 986 4206 G.
1007 4153 1137 4222 legantur
1154 4153 1253 4206 verba:

152 4243 351 4292 καταπαῡσθαι
368 4241 396 4310 (i.
410 4257 432 4293 e.
451 4241 697 4309 emensurarent)
715 4244 763 4306 τῆς
773 4243 883 4310 μανίας,
902 4256 971 4308 quae
989 4241 1024 4294 ab
1036 4240 1062 4294 S.
1074 4239 1254 4308 neglegenter

151 4327 253 4380 omissa
269 4331 341 4380 suut.

1008 4431 1025 4479 3
