3084 5124
688 498 709 562 9

148 681 269 764 verba,
308 703 389 764 quae
419 702 482 746 uon
512 702 586 748 raro
608 683 641 748 in
663 682 823 748 codicibus
846 688 995 766 corrupta
1017 682 1108 748 nobis
1128 682 1249 748 tradita

149 789 232 862 sunt,
253 782 449 848 restituenda
470 804 618 867 magnum
640 784 814 868 praebeant
835 785 983 865 fructum,
1005 807 1068 870 qua
1090 786 1129 851 de
1150 807 1185 851 re
1200 785 1248 850 di·

148 907 256 952 versae
286 908 306 950 a
328 886 430 950 nostri
451 886 602 968 temporis
623 888 698 952 viris
721 889 838 969 criticis
861 888 1004 971 prolatae
1026 894 1100 956 suut
1122 895 1248 954 senten·

148 988 222 1052 tiae.
264 989 369 1072 Atque
397 989 566 1054 veteriores
588 989 753 1090 Sophoclis
783 990 920 1055 editores
949 991 1111 1076 vulgatam
1139 991 1248 1058 lectio-
1373 987 1376 992 ’

148 1112 221 1156 nem
234 1097 394 1174 utcunque
416 1092 574 1176 explicare
596 1097 757 1172 conantes,
779 1092 865 1158 hunc
885 1094 921 1159 in
941 1117 1032 1159 usum
1047 1094 1168 1159 scholia
1183 1114 1248 1158 non

147 1192 337 1273 adhibuisse,
359 1216 416 1277 per
437 1215 470 1259 se
490 1199 595 1277 patet3
617 1195 711 1277 primi
732 1200 847 1275 autem,
870 1197 934 1279 qui,
956 1203 993 1262 ut
1013 1197 1085 1262 illos
1105 1197 1248 1262 homines

147 1294 282 1373 doctos,
321 1297 376 1379 qui
402 1296 478 1362 data
504 1299 670 1362 occasione
699 1297 740 1362 ad
767 1321 868 1363 unum
888 1299 1061 1364 alterumve
1083 1298 1249 1382 Sophoclis

147 1396 253 1461 locum
273 1399 524 1464 emendationem
545 1399 685 1482 aliquam
707 1422 745 1466 ex
766 1401 894 1466 scholiis
914 1401 1073 1480 haustam,
1093 1401 1181 1467 velut
1201 1406 1248 1465 est

147 1497 299 1582 Scaligeri
322 1500 363 1566 ad
385 1500 421 1566 Ο.
445 1501 478 1566 C.
500 1525 528 1566 v.
554 1502 625 1581 785,
647 1503 865 1585 protulenmt,
887 1504 1048 1583 omittam3
1075 1503 1169 1586 primi
1189 1503 1248 1588 igi·

146 1607 209 1679 tur,
232 1604 286 1685 qui
308 1603 436 1668 scholiis
457 1604 499 1669 ad
522 1625 589 1670 rem
611 1606 754 1672 criticam
775 1605 954 1692 faciendam
975 1607 1025 1672 usi
1047 1611 1130 1685 sunt,
1144 1605 1248 1670 Brun·

147 1703 236 1770 cln'us
259 1711 291 1769 et
312 1705 465 1789 imprimis
488 1705 525 1771 G.
549 1707 749 1774 Hermannus
780 1709 991 1788 exstiterunt,
1028 1714 1060 1773 et
1087 1715 1160 1792 post
1188 1709 1247 1774 hos

147 1828 254 1871 omnes
276 1806 341 1873 fere
364 1808 498 1876 editores
520 1810 604 1876 hanc
618 1810 669 1875 vel
688 1811 778 1874 illam
801 1810 1051 1876 emendationem
1066 1833 1104 1876 cx
1120 1811 1247 1878 scholiis

146 1910 275 1974 haurire
295 1930 389 1992 posse
412 1911 471 1976 sibi
492 1912 551 1976 visi
573 1918 656 1978 sunt.
699 1912 773 1977 Jarn
793 1933 867 1978 vero
890 1933 968 1996 opus
991 1919 1060 1978 erat
1080 1914 1165 1992 vir0,
1193 1914 1248 1995 qui

147 2034 272 2077 omnem
293 2013 381 2078 illam
396 2014 556 2080 variarum
577 2015 750 2080 lectionum
771 2017 905 2098 copiam,
927 2035 1008 2098 quae
1029 2021 1086 2080 aut
1106 2017 1140 2080 in
1155 2015 1247 2082 scho-

146 2115 196 2179 his
218 2116 362 2198 prolatae
384 2123 458 2182 sunt
478 2124 534 2182 aut
555 2117 589 2181 in
605 2117 848 2182 scholiastarum
863 2117 1126 2202 explicationibus
1147 2117 1247 2184 latere

145 2217 301 2297 videntur,
322 2225 469 2285 accurate
493 2221 705 2298 examinaret,
729 2225 825 2302 atque
846 2221 893 2285 ita
915 2220 954 2286 de
977 2220 1169 2286 scholiorum
1190 2242 1247 2286 au-

146 2321 294 2386 ctoritate
324 2321 520 2388 diiudicarct.
572 2323 715 2387 Alteram
744 2323 837 2386 huius
866 2323 969 2407 operis
998 2328 1123 2406 partem
1151 2324 1186 2388 in
1214 2345 1247 2390 se

145 2425 283 2506 suscepit
312 2423 370 2488 Ed.
392 2424 570 2490 Wundcrus
599 2426 633 2490 in
668 2429 921 2509 programmate:
957 2425 1025 2505 „De
1055 2425 1247 2491 scholiorum

145 2527 178 2591 in
200 2526 364 2609 Sophoclis
386 2527 566 2610 tragoedias
587 2529 800 2593 auctoritate“
823 2528 992 2611 inscripto,
1021 2527 1106 2611 quod
1128 2528 1247 2610 prodiit

146 2627 274 2694 Grimae
299 2628 396 2706 1838,
426 2629 481 2710 qui
503 2649 611 2695 omnes
632 2633 737 2696 varias
759 2630 910 2696 lectiones
932 2635 1040 2712 aperte
1061 2631 1095 2695 in
1118 2631 1245 2696 scholiis

145 2737 406 2798 commemoratas
427 2737 483 2796 aut
508 2731 619 2798 addita
639 2739 695 2798 aut
715 2754 781 2798 non
802 2733 912 2798 addita
935 2732 1016 2815 sigla
1037 2754 1084 2817 γρ.
1109 2733 1247 2817 conlegit

144 2839 241 2916 atque
263 2833 463 2898 examinavit.
509 2833 577 2911 Quo
601 2856 694 2918 opere
716 2835 758 2900 ad
778 2835 862 2900 hanc
884 2834 1100 2916 quaestionem
1123 2835 1246 2900 solven-

144 2935 219 3000 dam
239 2935 374 3000 multum
395 2935 517 3001 adiuvit
537 2939 585 3004 vir
614 2938 839 3015 doctissime,
874 2936 1062 3018 praesertim
1092 2959 1164 3002 cum
1192 2959 1246 3002 co-

143 3045 272 3122 gnosset
299 3038 386 3103 haud
414 3060 545 3121 parvam
572 3041 732 3106 variarum
762 3039 934 3105 lectionum
962 3044 1086 3121 partem
1117 3061 1182 3104 non
1210 3062 1246 3106 re

142 3161 218 3208 vera
238 3142 341 3206 varias
365 3162 433 3205 esse
454 3141 623 3220 lectiones,
654 3142 709 3206 sed
731 3141 974 3225 explicationes,
1009 3142 1125 3223 quibus
1147 3141 1245 3208 libra-

141 3244 262 3309 riorum
290 3243 457 3308 inscientia
483 3243 597 3327 siglam
624 3266 672 3328 γρ.
696 3243 878 3308 addidisset.
924 3242 1003 3308 Cum
1025 3248 1131 3308 autem
1153 3244 1245 3310 scho-

142 3346 309 3411 hastarum
330 3346 607 3428 interpretationes
623 3346 751 3422 omnino
765 3345 944 3428 neglegeret
958 3351 990 3410 et
1004 3337 1244 3429 nonnumquam

141 3451 176 3514 in
196 3447 311 3512 iudicio
334 3469 397 3528 suo
412 3447 450 3512 de
472 3449 568 3514 variis
590 3448 778 3514 lectionibus
799 3453 944 3527 erraret,
981 3449 1135 3531 imprimis
1164 3471 1244 3514 non-

141 3550 237 3616 nullis
266 3549 378 3633 glossis
407 3551 527 3632 apertis
556 3551 717 3615 vananmr
730 3550 908 3616 ‘lectionum
929 3551 1244 3616 auctoritatemvin·

140 3652 248 3718 dicare
270 3650 419 3730 studeret,
441 3651 612 3718 iterumad
626 3653 687 3718 hoo
701 3673 781 3734 opus
796 3673 961 3735 aggressus
977 3659 1025 3717 est
1040 3651 1077 3716 G.
1087 3652 1243 3731 Wolffius‚

140 3755 196 3837 qui
223 3759 325 3818 totam
354 3753 438 3818 hanc
467 3756 684 3836 quaestionem
711 3757 876 3838 amplexus
897 3755 970 3820 illas
992 3774 1117 3837 quoque
1138 3756 1242 3820 varias

139 3856 300 3934 lectiones,
322 3877 404 3937 quae
424 3856 458 3920 in
481 3856 670 3922 scholiastae
690 3858 951 3941 interpretatione
972 3858 1071 3922 latere
1086 3856 1243 3936 videntur,

138 3958 318 4040 pensitavit.
362 3957 495 4042 Scripsit
516 3959 600 4024 enim
621 3960 669 4024 vir
692 3959 891 4025 doctissimus
913 3959 1043 4024 librum:
1065 3959 1105 4023 de
1120 3958 1243 4042 Sopho·
1324 4027 1332 4043 ,

138 4059 197 4124 olis
228 4059 420 4124 scholiorum
441 4060 729 4126 Laurentianorum
759 4062 854 4126 variis
885 4060 1085 4150 lectionibus²
1116 4061 1243 4144 Lipsiae

142 4159 241 4239 1843;
279 4167 375 4244 atque
404 4162 509 4243 priore
537 4170 628 4246 parte
657 4163 750 4230 huius
778 4163 852 4228 libri
880 4163 961 4228 dixit
988 4163 1028 4228 de
1049 4164 1241 4232 scholiorum

138 4263 352 4340 auctoritate,
390 4286 487 4346 quam
508 4271 632 4348 partem
659 4271 754 4332 antea
773 4287 1011 4350 nonnumquam
1032 4265 1240 4347 laudavimus,

139 4365 174 4430 in
194 4366 369 4448 posteriore
391 4366 431 4434 de
451 4367 547 4434 variis
568 4367 773 4448 lectionibus,
809 4369 946 4451 primum
967 4390 1021 4436 eos
1043 4368 1149 4446 locos,
1185 4367 1240 4432 uhi
