3084 5124
370 629 459 694 Alius
489 632 595 694 autem
623 628 848 711 grammaticus
877 647 986 692 recens
1015 626 1112 692 nullis
1140 624 1230 692 libris
1249 646 1326 691 usus
1348 647 1388 691 ex

286 752 343 796 suo
365 730 497 797 arbitrio
519 735 641 795 textum
663 731 797 795 mutavit
819 751 954 813 suasque
969 731 1164 796 coniectures
1179 729 1315 812 margini
1329 727 1386 792 ad-

286 833 420 917 scripsit,
442 833 485 897 ad
507 853 599 915 quem
621 832 820 897 referendum
843 837 900 911 est,
921 834 955 897 in
977 832 1082 912 fallor,
1103 831 1189 914 quod
1204 831 1239 896 0.
1255 832 1292 895 R.
1302 853 1331 895 v.
1344 831 1386 894 60

285 941 391 1001 rectae
420 935 536 1000 codicis
563 937 739 1019 scripturae
768 939 938 1012 νοσοῦντες
964 957 1061 1018 super
1096 935 1248 1016 scriptum
1283 938 1331 997 est
1345 953 1386 996 -a

285 1057 383 1102 manu
403 1037 619 1102 recentissima
640 1033 829 1118 νοσούντων,
854 1058 934 1119 quae
956 1038 1088 1102 mutatio
1104 1035 1300 1102 hauddubie
1316 1055 1385 1099 cor-

285 1140 402 1206 rectori
422 1139 554 1204 debetur
575 1140 609 1204 in
630 1142 751 1205 rariore
773 1145 932 1204 structura
954 1138 1124 1204 offendenti
1146 1145 1178 1204 et
1191 1142 1321 1221 propter
1337 1157 1385 1200 se·

286 1262 386 1324 quens
412 1235 501 1322 ύμῶν
530 1241 681 1307 scribenti
708 1238 897 1308 νοσούντων.
943 1241 1063 1306 Eodem
1088 1241 1183 1305 modo
1204 1262 1233 1304 v.
1248 1240 1310 1303 261
1333 1261 1385 1304 ra-

284 1347 350 1410 rior
372 1344 496 1409 dativus
517 1341 622 1430 κείνιρ,
646 1346 701 1426 qui
722 1351 770 1410 est
790 1347 823 1408 in
845 1344 961 1422 codice,
983 1365 1002 1408 a
1023 1363 1120 1407 manu
1134 1342 1254 1408 recenti
1269 1343 1301 1405 in
1317 1340 1386 1406 vul·

285 1468 393 1532 garem
415 1447 591 1529 genetivum
612 1442 719 1510 κείνου
741 1452 790 1512 est
810 1452 965 1526 mutatus,
986 1466 1088 1527 neque
1109 1443 1318 1510 dubitandum
1339 1444 1385 1508 vi-

285 1550 394 1629 detur,
415 1551 492 1630 quin
515 1548 601 1630 quod
621 1571 649 1613 v.
668 1548 752 1614 1459
775 1550 893 1632 legitur
915 1542 1054 1634 ἀρρένων
1076 1571 1096 1613 a
1117 1569 1214 1613 manu
1234 1547 1385 1612 recentis·

287 1652 365 1716 sima
387 1673 427 1716 ex
448 1645 591 1736 ἀρσένων
612 1651 741 1730 factum,
766 1653 963 1717 coniecturae
985 1651 1146 1716 debeatur.

370 1778 457 1843 Idem
478 1778 613 1845 fortasse
633 1781 719 1846 valet
740 1780 779 1846 de
802 1780 837 1845 Ο.
862 1779 895 1845 C.
917 1803 946 1845 vi
972 1781 1049 1860 1663
1086 1781 1141 1845 ubi
1169 1779 1286 1845 codicis
1309 1778 1386 1843 sori-

284 1885 379 1963 ptura
400 1886 500 1945 metro
522 1882 716 1962 adversatur,
738 1888 770 1948 et
792 1884 877 1965 quod
899 1883 1119 1966 superscripsit
1133 1903 1245 1946 manus
1260 1901 1385 1946 recens:

285 1976 393 2067 οἴσεις
409 1985 462 2048 vix
485 1985 601 2049 codicis
623 1986 813 2050 anctoritate
835 1987 952 2051 fruitur
969 1989 1006 2072 ¹).
1051 1987 1155 2066 Atque
1184 1990 1318 2069 apparet
1339 1984 1384 2048 le-

285 2087 422 2151 ctionem
443 2078 587 2172 οῗιτεύρξω
610 2088 657 2151 Ai.
672 2110 700 2151 v.
716 2086 756 2150 51
780 2109 820 2166 „a
842 2108 938 2152 manu
961 2109 1022 2152 rec.
1045 2085 1148 2152 XIV.“
1171 2087 1384 2152 coniecturam

284 2209 351 2252 esse
378 2189 576 2270 grammatici
607 2190 641 2252 in
668 2191 827 2272 praesenti
858 2183 1027 2332 dnelcpp,
1065 2191 1125 2254 etsi
1152 2189 1243 2253 nulla
1270 2188 1385 2253 idonea

994 2293 1015 2325 ω

285 2363 398 2420 causa,
435 2341 622 2408 offendentis
646 2343 685 2406 ef.
702 2345 750 2407 Αἱ.
767 2367 795 2410 v.
814 2345 854 2407 10
875 2337 1022 2430 ύπείργω
1044 2344 1109 2425 ,,ξω
1130 2364 1150 2408 a
1171 2365 1212 2407 m.
1235 2341 1386 2406 recentis-

284 2447 384 2510 sima“
401 2447 439 2529 ²).
1038 2455 1042 2463 “

356 2697 378 2766 ¹)
413 2695 502 2764 Quare
520 2697 559 2750 eis
576 2697 711 2751 assentior
727 2698 885 2752 hominibus
905 2699 1002 2768 doctis,
1023 2667 1070 2767 qni
1089 2715 1150 2752 cum
1159 2695 1282 2766 Reisigio
1301 2693 1387 2748 scribi

284 2783 430 2838 voluerunt
448 2789 548 2854 ἴσχεις,
572 2786 640 2839 haec
659 2787 732 2840 enim
750 2788 834 2841 verba
852 2787 960 2854 saepius
978 2787 1007 2839 in
1026 2786 1120 2840 codice
1138 2787 1295 2854 permutata
1313 2783 1385 2835 sunt.

284 2871 319 2926 ci.
338 2871 407 2926 Phil.
425 2891 451 2926 v.
469 2875 522 2926 853
540 2873 614 2941 ἔχεις,
629 2892 671 2942 pr.
690 2877 785 2942 ἴσχεις.
806 2874 832 2929 S.
859 2873 895 2930 of.
913 2878 1059 2943 praeterea
1082 2889 1152 2941 qnae
1168 2871 1322 2926 Meinekins
1341 2869 1384 2923 ad.

283 2959 302 3013 l.
321 2976 344 3013 c.
363 2960 440 3014 dicit.

356 3046 378 3115 2)
413 3048 490 3100 Alios
507 3047 607 3126 addam
624 3047 707 3117 locos,
726 3065 793 3116 qnos
811 3049 840 3101 in
858 3051 989 3117 promptu
1005 3047 1107 3116 habeo,
1127 3045 1162 3100 cf.
1182 3045 1212 3098 0.
1231 3043 1264 3097 R.
1283 3059 1310 3096 v.
1333 3041 1384 3092 305

284 3127 376 3198 κλύηις
392 3151 434 3202 pr.
453 3129 541 3192 κλύεις
557 3139 633 3188 recte
649 3153 685 3186 m.
705 3139 760 3188 ant.
783 3134 874 3193 ἔκλυες
890 3154 927 3190 m.
945 3147 1015 3199 rec.;
1047 3134 1094 3202 qui
1117 3134 1170 3187 hoo
1193 3131 1305 3198 scripsit
1322 3144 1383 3196 prc-

284 3225 347 3288 pter
357 3216 539 3292 ἀντέπειιψεν,
559 3223 632 3290 quod
650 3218 781 3291 sequitur,
802 3224 968 3277 desideravit
985 3221 1185 3291 imperfectum.
1209 3219 1240 3273 0.
1253 3217 1285 3270 R.
1298 3235 1324 3270 v.
1332 3217 1381 3267 591

284 3354 377 3432 ἦρχον
392 3379 434 3430 pr.
453 3354 545 3432 ἦρχων
562 3379 597 3416 m.
615 3378 671 3416 rec.
700 3381 724 3417 v.
746 3365 797 3415 866
817 3311 949 3434 ούρανίύύ
971 3393 997 3402 -
1021 3309 1135 3433 aldeni?
1159 3377 1241 3417 ας-
1262 3375 1292 3414 ος
1315 3371 1385 3410 am.

284 3466 340 3503 rec.
369 3467 393 3504 v·
414 3451 465 3501 948
491 3448 561 3504 falso
586 3467 602 3502 a
624 3468 661 3504 m.
679 3466 734 3504 rec.
753 3451 891 3518 optativus
918 3447 1012 3502 κτάνοι
1034 3451 1063 3503 in
1086 3444 1170 3520 κτάνῃ
1195 3448 1317 3500 mutatus
1336 3446 1385 3512 est,

284 3540 360 3591 recte
378 3540 471 3590 autem
488 3554 512 3590 v.
530 3538 594 3590 1011
616 3537 723 3596 ἐξέλθοι
740 3537 769 3590 in
787 3537 891 3610 ἐξέλθῃ.
915 3555 941 3592 v.
956 3539 1024 3590 1250
1043 3532 1131 3608 ἄνδρα
1148 3553 1190 3604 pr.
1210 3529 1313 3604 ἄνδρας
1330 3548 1385 3586 rec.

285 3693 311 3730 v.
336 3677 402 3728 1518
425 3671 476 3726 ἀπ’
499 3624 589 3746 οἴκύιύ,
616 3695 648 3728 ου
674 3695 691 3730 a
712 3694 748 3730 m.
766 3681 869 3732 recent.
905 3677 948 3731 Αἱ.
968 3679 1040 3730 v-SO
1064 3677 1092 3734 ἐς
1110 3672 1213 3747 δόμους
1230 3692 1271 3742 pr.
1292 3687 1385 3740 super-

285 3763 419 3832 scriptum
438 3779 454 3814 a
470 3780 507 3815 m.
526 3780 596 3817 saec.
614 3765 680 3820 XIV
681 3802 686 3814 ·
707 3764 737 3817 ἓν
754 3761 860 3836 δόμοις,
879 3765 952 3832 qnod
970 3764 1045 3818 haud
1063 3765 1147 3819 dubie
1165 3763 1324 3817 coniectura
1342 3761 1385 3812 est

285 3852 338 3905 etsi
354 3851 497 3920 perbona,
528 3868 591 3904 cum
614 3852 716 3905 codicis
746 3853 883 3921 scriptura
906 3853 953 3906 vix
971 3853 1104 3921 exemplis
1121 3851 1234 3921 probari
1252 3849 1341 3918 possit
1358 3850 1386 3900 et

285 3939 449 3993 scholiastae
467 3939 630 4007 auctoritas,
654 3957 724 4007 quae
741 3938 869 3993 fraudem
886 3939 954 3994 fecit
973 3940 1113 3994 Lobeckio
1131 3938 1208 3992 nulla
1226 3937 1270 3989 sit.
1307 3933 1386 4001 Quod

286 4025 359 4080 enim
382 4027 412 4079 in
440 4026 552 4080 scholiis
578 4025 706 4081 editionis
730 4027 870 4080 Romanae
892 4027 996 4150 legitpr
1019 4030 1167 4092 ποιητικῶς
1191 4022 1253 4076 ἀντὶ
1278 4026 1328 4076 τοῦ
1356 4021 1387 4074 ἐν

979 4115 995 4148 ν
1077 4115 1092 4148 0

286 4159 384 4235 δόμοις
402 4163 436 4217 ab
454 4163 514 4233 ipso
534 4166 640 4220 editore
658 4183 692 4220 ex
709 4167 791 4222 haur.
810 4167 949 4236 scriptura
969 4169 996 4225 ἐς
1015 4115 1118 4239 cepeoii
1138 4165 1294 4219 confectum
1311 4165 1386 4219 vide-

285 4305 340 4356 tur.
373 4303 417 4356 ni.
435 4319 460 4357 v.
481 4304 550 4356 1120
567 4255 702 4376 σμικρύν,’
715 4324 733 4356 α
751 4322 768 4360 a
784 4323 821 4360 m.
840 4323 895 4362 rec.
934 4305 969 4362 cf.
987 4307 1031 4361 Αἰ.
1050 4325 1076 4361 v.
1096 4307 1173 4360 1081.
1190 4323 1217 4361 v.
1237 4306 1314 4359 1160.

1533 645 1535 684 l
